3030 5168
545 410 597 517 P.
625 407 852 519 OVIDII
874 404 1167 517 NASONIS

380 641 1343 797 uarunournosaon

542 896 798 981 LIBER
844 895 1184 981 SEXTUS.

672 1080 1030 1156 SYNOPSIS.
1105 1149 1107 1154 ,

250 1307 473 1460 Artacana
491 1391 645 1452 mutata
664 1366 706 1451 in
728 1392 928 1454 araneam.-
945 1366 1142 1468 Haemus,
1156 1390 1196 1450 et
1208 1362 1470 1481 Rhodopeia

249 1504 419 1565 montes:
435 1480 638 1592 Pygmaea
653 1481 693 1563 in
709 1510 863 1592 gruem:
882 1480 978 1563 Anti
1006 1508 1083 1563 oue
1096 1479 1137 1562 in
1153 1478 1378 1568 ciconiam.-
1391 1478 1469 1592 Cy·

249 1621 367 1675 narae
386 1590 489 1675 filiae
503 1594 545 1677 in
564 1620 666 1678 saxa:
687 1593 755 1676 Dii
770 1592 896 1675 varias
916 1591 957 1674 in
977 1510 1138 1680 immas:
1158 1588 1298 1674 Niobe
1320 1593 1366 1676 in
1387 1621 1470 1677 sco-

278 1704 410 1791 ulum:
426 1704 580 1791 Rustici
599 1709 640 1790 in
658 1735 783 1791 ranas:
803 1706 953 1789 Tereus
973 1705 1015 1787 in
1034 1736 1061 1788 a
1094 1733 1232 1818 upam:
1255 1707 1419 1817 Progne
1437 1705 1471 1787 in

246 1735 522 1907 liirundinem:
535 1818 758 1927 Philomela
772 1820 812 1901 io
827 1818 1049 1903 lusciniam:
1064 1736 1300 1931 illarsyasin
1311 1819 1471 1903 flumen:

249 1930 455 2127 Igatpmerup
475 1932 635 2050 Pelopis
647 1930 869 2017 eburneus:
891 1929 1098 2047 Orithyiae
1119 1955 1276 2047 raptus:
1299 1933 1421 2019 Zetes
1440 1954 1471 2014 ct

325 2068 525 2141 ars,aat1.
569 2082 574 2089 ·

250 2336 532 2480 Praebuerat
550 2385 681 2471 dialis
697 2384 889 2470 Tritonia
908 2385 1061 2470 talibus
1079 2416 1242 2475 aorem:

254 2501 531 2613 Carminaqne
549 2498 783 2593 Aiinicinm,
792 2500 1036 2613 justamque
1048 2504 1307 2610 probaverat
1326 2506 1443 2590 iram.

252 2615 360 2698 Tam
377 2642 534 2702 secam:
552 2609 751 2694 Iarrdare
763 2642 914 2723 parram
933 2629 1010 2713 est,
1031 2612 1257 2699 laudemur
1274 2636 1320 2700 et
1347 2621 1466 2730 ipsae

251 2726 439 2811 Numina
459 2754 536 2809 neo
553 2724 696 2837 sperni
710 2727 801 2806 sine
813 2732 955 2835 poenci
975 2744 1117 2810 nostra
1137 2733 1353 2817 sinamus.

251 2839 559 2951 Maeoniaeque
577 2839 764 2920 animum
773 2839 886 2949 fatis
905 2837 1085 2921 intendit
1103 2843 1363 2942 Arachnen,
1446 2843 1465 2928 5

296 3367 401 3425 Fani·
427 3368 494 3446 Arg.
516 3370 705 3427 Praebuwat.
725 3367 857 3429 Arachne
876 3371 967 3447 Lydie
997 3373 1124 3431 Idmonis
1155 3373 1238 3445 iilia,
1271 3384 1364 3458 cujus
1393 3396 1468 3443 mter

241 3456 335 3533 genita
354 3458 500 3535 Hypaepis
518 3458 611 3517 studio
631 3457 745 3518 lanificii
765 3462 867 3518 lauram
889 3462 1065 3538 quaesierat,
1086 3486 1151 3522 curu
1171 3480 1310 3528 materna
1345 3473 1467 3532 industria

240 3562 357 3605 cunctas
381 3549 575 3627 praecessisset
595 3552 624 3608 in
645 3571 729 3629 opere
759 3551 908 3621 faciendo,
939 3555 1000 3610 istis
1028 3555 1128 3611 diebus
1154 3556 1333 3622 insolentias
1362 3565 1464 3644 gloriata

238 3637 328 3714 magis
347 3659 433 3713 quam
452 3641 597 3699 mortalem
617 3641 737 3712 decuit,
758 3641 866 3699 elocuta
888 3657 939 3701 est.
959 3646 1029 3702 Nam
1062 3647 1218 3704 Minervam
1254 3671 1270 3706 a
1308 3675 1366 3730 qua
1395 3656 1465 3712 doctr

237 3725 352 3794 suerat,
380 3728 416 3784 ad
446 3743 588 3788 certamen
621 3735 794 3810 provocavit.
825 3735 905 3806 Quae
936 3734 967 3791 in
998 3757 1083 3792 anuto
1110 3756 1188 3795 versa
1214 3738 1247 3796 in
1279 3740 1340 3802 hoc
1360 3745 1394 3803 ad
1414 3763 1465 3801 ean

237 3832 371 3885 venerat,
392 3831 425 3876 nt
443 3819 574 3879 audaciae
605 3823 744 3901 impetum
769 3838 970 3902 compesceret.
1001 3829 1094 3898 Quam
1126 3848 1193 3884 cum
1221 3830 1345 3894 vidisset
1370 3837 1400 3892 in
1419 3855 1465 3893 cer

238 3910 345 3966 tamine
358 3925 580 3989 permanentem,
600 3936 711 3974 reversa
731 3917 761 3973 in
780 3938 860 3974 suam
875 3918 996 3996 speciem
1010 3940 1095 3996 opere
1109 3921 1255 3998 proposito
1276 3926 1310 3984 in
1332 3943 1464 3988 certamen

237 4001 405 4074 descendit,
437 4018 465 4061 et
497 4006 604 4084 singula
624 4030 697 4085 quae
729 4022 908 4087 sequuntur,
940 4013 1120 4070 inseruerunt
1140 4013 1237 4087 telae;
1256 4020 1340 4096 prior
1360 4023 1462 4100 quiden

238 4091 385 4162 Minerro3
405 4093 508 4153 dehinc
528 4099 669 4156 Arachne.

299 4206 324 4241 ι.
345 4184 481 4242 Tritonia.
504 4207 527 4252 A
550 4192 666 4248 Tritone
680 4193 719 4265 st.
741 4197 897 4263 Boeotiae,
918 4198 1010 4273 inquit
1032 4199 1198 4255 Pausanias
1218 4202 1251 4255 in
1271 4207 1410 4264 Boetr'cis.

299 4277 325 4331 5.
345 4275 500 4333 Arachnes.
526 4282 659 4337 Arachne
680 4285 775 4358 Lydia
784 4285 850 4358 suit
870 4288 968 4360 puella
994 4287 1119 4342 Idmonis
1144 4289 1323 4364 Colophonii
1327 4297 1418 4372 Jilia,
1432 4295 1464 4353 la·

237 4367 326 4443 nijicii
348 4373 533 4445 peritissima.
555 4373 770 4452 Maeoniaeque.
793 4380 931 4436 Maeonia
952 4399 1000 4436 sen
1024 4379 1129 4452 Lydia.
