3030 5168
327 200 409 291 326
632 226 997 291 murmuramus
1115 260 1121 283 ..

245 343 529 438 Contrahitur‚
573 345 758 455 unoque
777 344 915 427 aanor
929 369 1121 426 mensura
1139 343 1302 429 neena
1318 359 1395 429 est.

243 458 493 552 Mirantem,
567 472 771 568 memque,
788 472 828 537 et
845 471 1020 586 tangere
1036 472 1221 541 monstra
1232 472 1450 589 parenstam

242 568 538 688 fugitantem·
554 570 833 681 latebramque
843 582 968 679 petet,
985 584 1207 682 aptumque
1222 569 1358 655 cotun

241 681 405 768 Nomen
422 685 559 776 habet,
577 680 704 765 variis
721 680 910 765 stellatus
921 708 1100 792 corpora
1112 683 1268 795 gnttts.
1370 678 1445 792 461

302 796 421 908 Quas
437 795 536 878 Dea
550 823 630 904 per
642 811 797 889 terras,
814 810 856 876 et
873 822 979 905 quas
990 793 1187 879 erraverit
1204 792 1373 891 undas,

242 906 399 992 Dicere
416 910 545 1022 longa
564 936 679 991 mona
696 922 759 988 est
764 945 779 1004 ,·
796 908 1013 1016 quaerenti
1026 903 1163 1017 defuit
1180 907 1308 991 orbis.

244 1021 459 1105 Sicaniam
476 1022 640 1131 repetit.-
656 1017 836 1131 dumque
852 1018 993 1103 onznia
1010 1016 1162 1101 lustrat
1178 1017 1342 1113 eundo,

246 1132 373 1221 Venit
389 1130 509 1217 etad
527 1132 723 1247 Cyanen;
739 1162 811 1227 ea,
828 1133 878 1215 ni
890 1132 1235 1240 mutatasttt'sset,
1370 1127 1449 1241 465

245 1244 398 1329 Omnia
411 1261 646 1331 narrasset:
666 1242 747 1327 sed
760 1260 801 1326 et
818 1272 866 1329 os
877 1260 919 1329 et
935 1243 1086 1358 lingua
1102 1244 1269 1329 volenti

242 1358 398 1443 Dicere
414 1389 499 1444 non
510 1358 703 1463 aderant,
722 1385 817 1452 nee,
835 1384 917 1468 quo
935 1354 1186 1471 loqueretur,
1205 1357 1396 1443 habebat.

242 1474 377 1588 Signa
394 1489 531 1585 tamen
548 1470 772 1582 mam'festa
789 1464 927 1580 dedit,
947 1484 1168 1582 notamque
1180 1473 1358 1580 parent
1366 1536 1379 1575 ,

296 3064 361 3133 tos.
382 3055 516 3117 stellatus
536 3077 662 3136 corpora.
682 3058 836 3117 Stellatem
855 3060 961 3119 itabens
979 3079 1105 3139 eorpus,
1122 3070 1152 3119 et
1180 3066 1277 3139 guttis
1309 3065 1459 3142 tassetan,

240 3170 316 3228 quae
332 3150 435 3207 stellae
453 3149 613 3208 videantur.
638 3151 759 3210 Numen.
791 3152 948 3210 Steiiionis.
974 3157 1040 3211 Ant.
1061 3152 1152 3209 Liber.
1182 3154 1310 3211 Metam.
1325 3153 1396 3230 suh.
1420 3156 1458 3225 at.

241 3241 352 3297 animai
371 3250 413 3297 est
432 3241 543 3298 lacerto
562 3242 674 3309 simile,
693 3245 741 3297 cui
759 3250 857 3320 tergus
875 3247 982 3318 piatum
1000 3246 1091 3321 guttis
1112 3244 1271 3301 macuttsve
1304 3244 1459 3302 launoius.

298 3332 364 3388 Fas.
381 3332 461 3387 vttt
485 3335 556 3410 Arg.
574 3335 655 3407 Quas
673 3331 729 3389 dea
749 3343 803 3389 ete.
824 3335 897 3391 Cum
922 3332 1062 3392 Arethusa
1094 3335 1222 3412 nympha
1241 3334 1357 3392 Siciliae
1377 3330 1460 3400 tanti,

240 3427 290 3502 qui
309 3426 396 3483 humo
416 3446 528 3503 pressus
546 3425 583 3482 ab
604 3425 681 3483 Elide
702 3426 785 3495 fluit,
805 3426 983 3485 iudicavisset
1002 3428 1097 3485 Cereri
1117 3448 1132 3484 a
1153 3427 1218 3484 Dite
1232 3443 1345 3507 raptam
1357 3430 1458 3488 Prostr-

241 3517 356 3595 piuam,
376 3529 404 3573 et
423 3515 470 3573 itta
490 3517 526 3573 ah
543 3519 612 3574 Iove
633 3517 829 3596 impetrasset,
848 3516 872 3574 si
892 3518 987 3577 fratris
1006 3519 1111 3596 nuptiis
1130 3531 1266 3577 contenta
1287 3541 1348 3579 nou
1373 3531 1458 3585 esset,

242 3628 275 3665 aa
294 3608 356 3686 lege
377 3607 412 3664 ah
432 3608 529 3664 inieris
548 3608 665 3666 duceret
684 3630 766 3678 eam,
785 3608 809 3666 si
829 3608 901 3667 nihil
919 3623 1066 3687 gustasset.
1084 3612 1178 3683 Quam
1199 3610 1237 3666 ob
1257 3632 1374 3670 eausam
1398 3629 1456 3670 eun

241 3698 379 3775 judicium
399 3697 489 3766 fieret,
502 3697 676 3777 Ascalaphus
694 3699 796 3779 hospes
815 3700 985 3757 Acherontis
1004 3698 1079 3758 filius
1098 3700 1133 3756 ad
1145 3698 1288 3777 judicium
1300 3704 1412 3781 primus
1423 3701 1462 3760 dt·

244 3792 378 3859 retudit,
396 3792 550 3868 docuitque
571 3812 632 3850 eam
653 3791 718 3849 mali
739 3790 833 3871 puuioi
852 3813 971 3871 gmuum
990 3806 1125 3871 gustasse.
1138 3794 1336 3867 Quamobrem
1349 3798 1461 3855 iussae

245 3885 391 3943 hubonem
410 3886 592 3944 ahumisaudi
610 3887 712 3944 ominis
730 3906 883 3946 conversus
902 3901 954 3946 est.
976 3889 1104 3966 Iuppiter
1124 3899 1220 3946 autem
1242 3909 1280 3947 ex
1299 3910 1391 3969 aequo
1418 3888 1462 3946 Gt·

246 3981 304 4037 reri
324 3980 464 4055 fratrique
481 3981 604 4048 tribuit,
624 3995 656 4038 ut
687 3992 794 4059 partem
823 3982 891 4040 anui
920 3980 1086 4061 Proserpina
1118 3981 1194 4060 apud
1218 3982 1338 4052 vuum,
1368 3995 1463 4066 panau

245 4083 341 4129 autem
362 4072 438 4150 apud
457 4084 576 4130 matrem
597 4086 699 4149 ageret.

305 4168 370 4234 463.
392 4163 546 4236 Quaerenti
565 4162 658 4222 detuit
675 4165 759 4224 urhis.
781 4169 857 4226 Nam
876 4189 940 4225 eum
959 4177 1050 4224 totum
1069 4168 1276 4243 perlitatrasset
1309 4173 1394 4227 Ceres
1422 4175 1465 4222 tet·

244 4272 347 4355 sarum
366 4255 485 4320 orbem,
506 4256 553 4312 ubi
573 4266 723 4330 quaereret
732 4258 854 4331 fliium,
874 4259 945 4314 utttt
963 4261 991 4314 ei
1008 4260 1064 4314 ioci
1083 4259 1233 4314 restabat:
1255 4281 1350 4337 quare
1368 4258 1464 4318 isSirt'·

221 4348 317 4405 ·=liam
337 4355 380 4403 est
399 4364 525 4404 reverta.
606 4395 609 4401 .
