3030 5168
230 223 312 336 458
566 248 602 309 r.
621 248 750 310 onon
768 247 932 308 nosoms

147 374 240 458 Neo
253 403 329 485 pes
341 376 401 454 ire
413 388 548 482 potest
563 413 575 457 .·
593 372 705 452 intra
725 400 886 481 quoqne
904 368 1078 450 viscera
1097 396 1263 449 saxum
1282 382 1361 452 est.-

148 486 244 572 Flet
263 505 420 584 tamen,
438 500 478 566 et
494 480 638 565 validi
654 480 918 565 circumdata
931 482 1097 563 turbine
1115 481 1245 561 venti
1296 478 1370 564 310

148 601 200 681 Ia
215 601 398 710 patriam
412 614 533 705 rapta
552 613 640 689 est,
659 594 836 703 ibiflxa
855 596 1082 677 cacumine
1101 595 1267 675 montis

148 710 363 823 Liqnitnr‚
381 727 420 793 et
439 710 653 821 lacrymas
664 710 889 790 etiamnum
908 736 1120 789 marmora
1140 721 1333 789 manant.

205 825 311 907 Tam
329 852 429 905 vero
448 824 592 904 annoti
607 822 872 932 manifestam
891 819 1092 903 Numinis
1106 822 1221 900 iram

148 936 349 1020 Foemim
362 937 510 1044 virque
523 936 681 1017 timent:
702 933 898 1046 cnltnqne
917 934 1151 1042 impensius
1172 960 1319 1013 omnes

149 1049 319 1164 Magna
333 1047 630 1162 gemellzparae
646 1063 902 1129 venerantur
915 1047 1090 1129 numina
1111 1044 1270 1130 Divae.
1293 1040 1370 1129 315

200 2880 265 2933 311.
293 2878 328 2934 In
354 2875 482 2955 patriam.
526 2877 644 2946 Thebis,
664 2878 755 2954 inquit
785 2876 982 2954 Apollodorus
1011 2876 1060 2933 lib.
1099 2881 1126 2934 3.
1157 2879 1276 2937 relictis
1296 2880 1381 2937 videa

139 2967 205 3042 jane
225 2979 313 3046 atque
332 2971 402 3026 orba
422 2972 452 3024 in
470 2970 602 3045 Sipylum
621 2970 662 3025 ad
683 2971 839 3024 Tantalum
858 2979 972 3044 patrem
993 2973 1098 3035 rediit,
1120 2980 1177 3029 etc.

206 3066 271 3119 312.
299 3063 456 3137 lacrymis.
490 3064 592 3117 Utrum
611 3062 664 3118 hoc
688 3071 807 3137 propter
838 3060 972 3118 sudorem
998 3071 1029 3115 ut
1050 3061 1186 3133 videtur,
1207 3069 1381 3133 marmor1'53

143 3154 191 3209 nbi
209 3158 279 3224 ae’r,
302 3155 342 3210 ad
363 3156 485 3212 solidum
507 3165 535 3212 et
545 3154 692 3231 frigidum
713 3172 815 3232 corpas
835 3155 1041 3219 condensatur,
1064 3157 1215 3233 monstrnt
1247 3158 1383 3214 solatas?

142 3248 188 3303 An
207 3249 227 3300 ὰ
247 3250 328 3321 rupis
347 3256 400 3302 aut
419 3247 529 3302 metalli
549 3266 661 3320 vapore
670 3246 781 3322 falso?
793 3246 924 3322 Namque
943 3247 1264 3321 Sipylum,reserente
1286 3251 1379 3305 Plinio

142 3337 190 3392 tib.
223 3341 248 3394 5.
277 3356 342 3414 cap.
373 3359 418 3410 ²9·
448 3339 526 3415 qnod
546 3349 614 3394 ante
649 3339 784 3394 Tantalis
811 3339 993 3405 vocabatur,
1017 3349 1108 3411 caput
1129 3350 1174 3395 est
1195 3344 1377 3406 Maeoniae,

143 3429 192 3483 nbi
210 3449 287 3485 nunc
306 3438 348 3486 est
367 3440 502 3505 stagnum
522 3430 585 3485 sate
605 3429 766 3486 abundans.

201 3522 273 3576 Feb.
296 3536 329 3583 V.
342 3522 408 3598 Arg.
422 3523 502 3577 Tanc
522 3541 608 3587 vero,
627 3530 680 3577 etc.
694 3522 801 3578 Lnona
821 3520 871 3577 Cei
888 3518 1174 3587 fitia‚cum1unonis
1192 3522 1235 3581 ira
1251 3525 1292 3583 ob
1309 3526 1383 3583 adul·

143 3611 247 3670 terium
280 3633 316 3670 ex
328 3614 400 3670 Jove
434 3626 590 3691 conceptos
616 3612 780 3691 Apollinem
800 3624 829 3669 et
862 3614 983 3668 Dianam
1009 3633 1111 3691 parere
1132 3636 1193 3672 non
1215 3631 1339 3695 posset,
1357 3629 1384 3676 et

143 3703 221 3759 nutta
242 3724 304 3759 eam
324 3717 464 3760 errantem
486 3707 563 3782 regio
584 3706 744 3783 reciperet,
764 3705 915 3764 novissime
937 3706 1015 3764 venit
1035 3706 1065 3763 in
1085 3710 1232 3785 Lyciam,
1262 3725 1293 3770 et
1322 3734 1383 3770 cum

143 3817 180 3852 ex
199 3796 298 3853 ardore
318 3809 412 3853 aestus
433 3818 465 3854 ac
485 3797 663 3875 longitudine
684 3798 750 3855 viae
779 3800 856 3856 sitim
880 3799 977 3856 sedare
997 3798 1109 3866 vellet,
1130 3799 1168 3856 ab
1191 3801 1227 3858 iis
1249 3825 1325 3880 quae
1350 3805 1385 3861 ul·

142 3908 206 3944 vam
228 3899 257 3942 et
269 3890 387 3962 juncum
407 3888 563 3944 seeundum
576 3889 668 3946 lacum
698 3889 830 3967 legebant
843 3932 852 3957 ,
866 3891 1009 3969 prohibita
1037 3904 1081 3948 est
1096 3893 1220 3970 propius
1241 3898 1385 3954 accedere.

141 3979 336 4051 Quamobrem
367 3999 484 4035 accensa
511 3980 549 4034 ira
579 3981 741 4056 digrediens
773 3985 855 4060 petiit
887 4005 902 4039 e
934 3984 1009 4051 Diis,
1034 3996 1066 4039 ut
1080 3987 1201 4043 accolae
1240 4011 1387 4066 nunquam

142 4083 242 4146 stagno
267 4082 412 4139 carerent5
435 4069 537 4127 auditis
565 4072 660 4150 itaque
673 4075 806 4152 precibus
826 4079 888 4153 ejus
917 4077 1026 4154 Iupiter
1038 4078 1183 4153 agricolas
1209 4083 1241 4141 in
1267 4087 1387 4162 speciem

142 4182 274 4218 ranarum
296 4160 515 4238 transfiguravit.

199 4256 263 4307 315.
294 4253 502 4331 Gemelliparae
524 4257 625 4314 Divae.
648 4262 797 4328 Latonae,
816 4281 892 4337 qnae
910 4259 1046 4337 gemellos
1064 4267 1205 4335 peperit,
1230 4269 1393 4344 Apollinem

141 4353 171 4402 et
190 4346 325 4401 Dianam.
