3030 5168
691 63 699 105 l

335 240 417 340 402
523 286 527 295 ·
700 249 737 310 r.
756 244 885 308 onon
903 244 1067 306 sisoms

249 375 537 488 Amphitryon
546 370 705 481 suerit,
725 396 849 480 qtrum
868 384 907 449 te
927 366 1154 478 Tirynthia
1172 367 1311 477 cepit,-

171 541 173 544 ·
253 491 421 574 Astreus
439 502 484 568 ul
502 485 713 582 Daunia,
727 480 923 591 Asopida
951 481 1095 562 luserit
1113 482 1299 594 {gerens}
1402 486 1407 491 ’

250 603 561 710 Mnemosynen
573 614 738 710 postor:
755 597 904 677 varius
922 592 1114 676 Deoida*
1133 621 1325 702 serpeus.

250 715 295 799 Τ
289 747 311 796 c
328 743 489 826 quoque
505 728 706 794 mutatum
733 726 864 803 torvo,
883 707 1094 818 Neptune,
1107 707 1297 817 juoenco
1407 701 1468 788 115

254 827 430 940 Virgine
447 826 494 907 in
511 825 659 912 AEotit
673 824 813 934 posuit
827 861 839 919 ;
857 838 902 902 tu
919 821 1042 904 visus
1061 818 1261 934 Enipeus

253 937 408 1054 Gignis
426 936 633 1035 Aloidas,
650 939 762 1018 ories
779 931 991 1018 Bisaltida
1000 935 1140 1044 follis.

249 1052 314 1139 Et
330 1068 369 1134 te
381 1051 519 1169 ,flaua
536 1079 699 1145 contus,
707 1049 886 1162 frugum
912 1048 1134 1131 mitissimo
1152 1063 1318 1139 mater,

293 2627 356 2665 nr.
377 2602 537 2682 Tirynthia.
562 2607 700 2662 Alcmena
727 2605 869 2680 Tiryntha
895 2614 960 2662 erat
986 2605 1053 2662 urbs
1076 2606 1164 2680 Argis
1188 2607 1289 2662 vicina
1310 2609 1341 2689 iu
1355 2625 1462 2684 quenu-

233 2697 373 2753 lrielmtur
398 2697 544 2755 Hercules.
568 2696 759 2773 Amphitryon
786 2696 881 2753 luerit.
907 2699 1018 2771 Iupiter
1043 2697 1198 2752 Alcmenae
1230 2717 1338 2754 amore
1373 2707 1461 2772 captus

231 2794 260 2845 in
280 2780 605 2866 Amphitryonemillius
623 2791 760 2844 interitum
777 2807 928 2844 conversus
945 2807 1010 2844 cum
1031 2809 1068 2845 ea
1081 2788 1245 2856 concubuit,
1258 2792 1459 2866 Herculemque

230 2903 268 2939 ex
291 2903 328 2938 ea
349 2886 481 2958 suscepit.
619 2918 622 2923 -
972 2926 975 2931 Δ

291 2976 351 3028 ιι3.
376 2973 489 3030 Aureus
511 2984 544 3030 ut
564 2974 691 3041 Deosln.
714 2976 824 3030 Danai
844 2975 949 3029 Acrisii
971 2976 1146 3049 Argiuorum
1167 2978 1249 3050 regis
1264 2977 1342 3050 filia
1374 2998 1393 3031 a
1420 2978 1457 3031 le

228 3081 282 3130 ue,
305 3065 334 3117 iu
359 3081 466 3119 aureas
488 3054 745 3139 guttcs'mutato.
768 3082 953 3138 compressa,
981 3067 1115 3121 Perseum
1138 3084 1277 3141 genuisse
1304 3071 1335 3121 in
1363 3076 1457 3146 qraerto

227 3166 376 3211 narratur.
403 3158 514 3212 Luserit
538 3154 620 3232 ignis.
646 3154 722 3233 Nam
745 3159 879 3234 luppiter
902 3161 1201 3234 inignemcouuersus
1222 3161 1365 3234 AEginam
1378 3161 1455 3233 Asopi

219 3248 310 3320 sternii
330 3250 424 3320 filiam
448 3253 634 3325 compressit,
662 3269 755 3326 exque
779 3270 814 3306 en
841 3254 960 3307 AEncum
986 3253 1118 3325 suscepit.
1159 3251 1301 3329 Asopida.
1334 3256 1454 3330 AEginen

227 3343 318 3415 Asopi
331 3342 439 3412 filiam.
1179 3382 1182 3388 .
1354 3389 1356 3393 ,

288 3437 351 3487 116.
377 3429 485 3488 Aeolia.
516 3432 583 3487 Boii
600 3432 676 3505 filia.
699 3433 827 3510 Virgine.
853 3435 931 3490 Artte
955 3432 1032 3487 AEott
1046 3430 1140 3505 filia,
1163 3429 1201 3486 de
1230 3450 1293 3507 qua
1320 3435 1454 3492 Diodorus

227 3525 274 3580 tit.
301 3529 326 3580 5.
349 3522 481 3601 Enipeus.
504 3527 537 3577 Iu
555 3524 682 3597 fluvium
707 3529 849 3602 Enipeum
880 3533 1012 3581 mutatus
1039 3525 1190 3601 Neptunus
1226 3547 1263 3582 ex
1301 3527 1452 3604 lphimetiic

224 3617 311 3670 Aloe'i
332 3635 422 3671 tinore
441 3618 541 3690 genuit
567 3617 671 3672 Othum
696 3627 725 3673 et
749 3617 922 3694 Ephialtem.

286 3726 346 3776 ¹¹7·
371 3705 453 3762 Aries
478 3708 539 3761 Hoc
563 3706 600 3763 de
627 3710 801 3783 Theophane
824 3708 1059 3787 Bisaltidisfiliu
1092 3719 1197 3766 narrat
1224 3715 1368 3790 Higynus
1391 3714 1451 3789 sah.

227 3803 288 3853 188.
312 3797 443 3854 Bisaltida
468 3798 549 3856 saliis.
574 3801 663 3876 Apud
687 3804 833 3878 Higynum
859 3807 954 3876 capite
979 3799 1023 3860 88.
1048 3804 1169 3879 legitur,
1192 3823 1259 3861 cum
1284 3809 1450 3885 Tl'heophcue

223 3891 424 3956 concubuisse,
449 3891 523 3948 unde
543 3902 630 3950 nulus
653 3904 697 3951 est
720 3897 798 3952 ories
824 3897 1061 3972 Chrysomallus,
1087 3901 1137 3974 qui
1161 3899 1319 3976 Phryxum
1345 3907 1376 3960 itt
1400 3899 1453 3957 Cot·

223 3983 290 4038 rhos
311 3987 399 4040 nexit.

284 4080 344 4129 ns.
369 4077 404 4130 Et
424 4086 462 4131 te.
482 4076 521 4134 ht
541 4087 568 4133 te
592 4083 700 4135 rectius
722 4085 803 4156 prior
827 4081 940 4156 Erfurt.
970 4093 999 4139 et
1023 4095 1081 4139 tres
1107 4085 1168 4140 alii.
1194 4086 1326 4163 Frugnm
1348 4084 1450 4144 mitissi·

223 4186 266 4220 ins
288 4178 387 4222 mater.
412 4171 594 4244 Periphrasis
617 4185 660 4229 est
686 4176 805 4230 Cereris.
832 4178 864 4231 Et
892 4188 927 4230 te.
942 4180 1025 4253 Ceres
1050 4198 1087 4233 ex
1112 4187 1139 4233 te
1164 4181 1194 4232 in
1214 4200 1324 4256 equum
1346 4199 1453 4237 conver·-

222 4264 315 4317 so,et
340 4257 497 4332 ipsaprtus
521 4263 549 4314 in
573 4275 685 4336 equam,
709 4268 822 4338 peperit
836 4264 935 4335 filium
960 4266 1043 4337 cujus
1065 4284 1165 4320 nomen
1189 4258 1220 4335 ἐς
1235 4261 1456 4338 τὲςατέὶῑςυς

223 4341 313 4418 effen
336 4363 391 4399 non
417 4347 500 4402 licet:
526 4370 594 4405 mos·
617 4364 646 4407 et
665 4356 783 4408 Ariona
807 4372 917 4429 epirum.
945 4356 1109 4410 Pnusnnins
1132 4359 1160 4410 in
1187 4361 1358 4418 Arcadicis.
