3030 5168
237 225 317 327 {ti
575 231 944 297 nonannoeane

150 349 289 457 Teque
298 345 444 455 ferens
456 368 632 451 parvum
651 336 797 438 nudis,
818 336 1063 433 Melicerta,
1083 335 1273 434 lacertis,

148 459 318 551 Euohe,
338 455 522 549 Bacche,
539 469 675 537 sonat.
696 450 859 549 Bacclti
872 453 951 533 sub
963 448 1129 531 monuere
1147 448 1262 533 Jtuw

145 573 274 658 Risit.-
291 586 331 652 et
356 632 367 667 ‚
385 570 476 651 Hos
496 594 597 649 usus
609 580 798 675 praestat
815 564 911 657 tibi,
929 558 1075 659 dicet,
1094 558 1304 645 altannus.

149 684 339 771 imminet
354 681 603 793 aequoribus
619 676 834 786 scopulus.-
850 702 955 785 pare
973 674 1059 757 ima
1076 689 1254 763 cavatur

149 797 386 887 Fluctibus,
403 810 443 875 u
461 808 594 877 tectus
611 788 800 899 defendit
816 790 872 871 ab
887 788 1088 871 imbribus
1105 785 1267 873 ιιηιίωι
1281 780 1361 871 525

149 912 319 997 Summa
335 907 465 1019 riget,
474 904 802 1016 frontemqueiu
818 916 1008 1013 apertum
1021 902 1205 1016 porrigit
1222 920 1383 1010 aequor.

156 1024 350 1131 Occupat
367 1020 479 1101 lrunc
497 1010 634 1131 (eires
651 1017 822 1101 insania
830 1009 1030 1125 fecerat)
1047 1016 1149 1103 [no.-

151 1136 315 1242 Seque*
331 1160 457 1241 super
465 1122 659 1242 pontum,
675 1128 792 1212 nullo
810 1126 981 1213 tertiata
998 1129 1167 1222 timore,

152 1247 311 1338 Mittit,
331 1273 516 1355 onusque
533 1271 654 1326 suum
661 1282 675 1341 ‚·
688 1270 893 1351 percussa
908 1238 1132 1331 recondent
1150 1237 1278 1331 untia.

152 1360 215 1444 At
237 1358 288 1446 V
278 1384 381 1439 enus
398 1356 626 1438 immeritae
643 1354 778 1464 neptis
796 1356 994 1436 miserata
1013 1353 1197 1448 labores,
1284 1348 1364 1435 530

153 1473 228 1559 Sic
240 1486 394 1582 patruo
411 1463 604 1551 blandita
621 1496 698 1551 suo
716 1484 797 1549 est:
820 1466 859 1551 0
877 1486 1030 1563 numen
1047 1495 1275 1578 aquarum,

153 1583 361 1669 Proxima
379 1581 454 1665 cui
469 1578 574 1665 coelo
591 1582 735 1680 cessit,
753 1578 967 1688 Neptune,
979 1597 1195 1685 potestas:

150 1696 323 1809 Magna
341 1690 507 1805 quidem
532 1721 689 1805 poscet
704 1690 784 1777 sed
799 1708 845 1775 tu
862 1693 1054 1775 miserere
1071 1720 1271 1793 meorum,

151 1808 322 1897 Jactari
338 1833 440 1917 quos
458 1806 598 1907 cernis
615 1808 662 1890 iu
679 1804 800 1891 Ionio
817 1806 1020 1887 immenso
1025 1869 1037 1909 ,

154 1921 217 2005 Et
235 1920 323 2002 Die
340 1913 454 1999 adde
471 1918 575 2005 tuis.-
593 1919 658 2002 ali
684 1948 740 2001 ua
757 1933 797 1999 et
815 1917 920 1999 milti
931 1919 1078 2030 gratia
1091 1934 1224 2026 ponto
1240 1934 1314 2001 eet.

154 2034 204 2118 Si
219 2050 358 2114 tamen
375 2030 422 2109 in
439 2028 513 2112 dio
532 1948 743 2142 quoniam
761 2046 957 2113 concreta
970 2028 1186 2139 profundo
1288 2027 1368 2115 536

153 2145 309 2256 Spuma
318 2141 394 2251 fui
401 2205 412 2242 ‚
434 2138 523 2225 Gra
536 2143 689 2255 'umque
707 2160 848 2227 maaet
866 2143 969 2223 milei
985 2167 1134 2224 nornen
1152 2145 1207 2227 ab
1225 2143 1318 2229 itit.

155 2256 323 2340 Annuit
341 2254 481 2339 oranti
540 2270 734 2363 eptunus;
752 2264 792 2337 et
809 2254 981 2337 abstulit
998 2254 1107 2348 illu,

160 2364 289 2480 Quod
304 2364 477 2449 mortale
485 2366 577 2475 fuit
585 2407 599 2464 ;
616 2367 952 2479 majestatemque
972 2365 1190 2451 uerendum

155 2479 374 2590 Imposuit;
392 2507 619 2589 nomenque
635 2476 766 2561 sinutl
767 2480 1010 2591 faciemque
1027 2483 1228 2563 nouauit*
1247 2525 1262 2569 .·
1291 2477 1368 2586 540

159 2591 471 2702 Leucotlteique
488 2589 629 2701 Deum
646 2619 743 2675 cum
761 2607 890 2675 matre
908 2591 1168 2675 Palaemona
1186 2591 1317 2679 dixit.

203 2860 266 2913 522.
287 2856 391 2913 Eeohe·
412 2858 443 2915 V
442 2875 482 2912 aa
494 2858 682 2913 &mantiam
700 2856 739 2915 ab
757 2859 969 2916 acclamatione
986 2862 1066 2916 iovis
1085 2859 1283 2917 collaudantis
1303 2864 1372 2917 Bac·

147 2950 229 3005 citum
255 2953 285 3005 in
308 2949 382 3005 helio
399 2951 540 3027 gigantea
557 2958 701 3007 mutatum
720 2954 750 3009 in
769 2955 901 3009 Leonem.

202 3047 266 3115 524.
285 3028 428 3099 Imminet.
457 3026 686 3099 promontorium
709 3043 844 3101 describit
856 3085 865 3111 ‚
890 3043 965 3101 unde
990 3062 1023 3100 se
1054 3048 1107 3099 Ino
1131 3063 1195 3101 cum
1221 3047 1376 3103 Melicerta

134 3133 204 3208 filio
227 3135 439 3208 praecipitavit.
465 3131 503 3187 Id
520 3141 618 3188 autem
642 3136 868 3208 promontorium
893 3134 1008 3191 Metaris
1032 3147 1111 3212 petra
1136 3155 1155 3189 a
1169 3136 1323 3193 Pausania
1336 3156 1380 3194 eo·

143 3233 236 3290 catur,
251 3227 301 3300 qui
313 3242 432 3280 caueam
444 3225 577 3280 inscitiae
587 3223 774 3282 Athamantis
786 3227 828 3301 ati
840 3226 958 3283 exilium
968 3227 1081 3302 Phryxi
1090 3237 1120 3282 et
1128 3226 1380 3302 Heliestransfirrt.

204 3318 268 3387 529.
291 3314 441 3390 Onueqne.
463 3317 547 3375 Puer
561 3336 583 3371 a
606 3316 757 3391 Delphinis
777 3327 916 3391 exceptus
935 3328 964 3373 at
983 3319 1013 3373 in
1027 3316 1240 3374 Corinthiarum
1251 3318 1379 3375 isthmon

143 3411 314 3483 expositus,
337 3410 367 3461 in
389 3405 507 3462 deorum
527 3410 703 3463 marinorum
727 3428 875 3465 numum
899 3408 1092 3482 referebatur,
1110 3410 1272 3469 Palaemon
1286 3412 1378 3469 dictus

143 3509 172 3556 et
198 3500 380 3555 Portumnus.
402 3500 568 3563 Pausanias
591 3503 622 3557 in
642 3501 899 3589 Atticis.3t‘1ucian.
922 3505 952 3557 iu
970 3501 1099 3581 dialogis
1110 3505 1239 3563 martas.
1259 3503 1376 3563 Nennus

152 3610 193 3647 ιο.
215 3591 383 3664 Dionysiae.
759 3592 763 3601 '

204 3684 267 3737 530.
293 3680 401 3757 Neptia.
416 3684 523 3746 ¹1nus,
548 3682 597 3737 cui
619 3689 714 3739 mater
738 3691 804 3740 erat
828 3684 977 3737 Harmone
990 3683 1062 3759 filia
1089 3686 1221 3742 Veneris.

204 3771 254 3826 531
282 3771 339 3828 Suo
360 3783 468 3848 patruo.
488 3773 633 3847 Neptuno.

204 3863 256 3932 534
280 3862 314 3917 ln
339 3862 420 3917 lento
444 3861 593 3939 immenso.
617 3864 729 3919 latrium
752 3882 851 3929 mare.
874 3865 1029 3919 Graeciam
1051 3864 1377 3939 alluentinterAEgeum

145 3957 175 4002 ct
203 3950 381 4023 Tyrrhenum
407 3952 529 4027 pelagus
551 3955 646 4009 titum.
671 3957 788 4011 Dictum
810 3963 854 4009 est
878 3964 975 4009 autern
998 3955 1035 4010 ab
1065 3959 1147 4013 Ionio
1170 3954 1299 4031 quatiam
1323 3956 1377 4021 vire

145 4038 278 4110 Illyrico,
289 4048 320 4094 ut
346 4041 446 4095 scribit
462 4041 673 4118 Theopompus.
683 4043 745 4099 Alii
756 4064 821 4100 vera
835 4044 872 4099 alr
884 4062 980 4100 errore
991 4049 1050 4118 §sar
1067 4052 1097 4105 in
1111 4063 1231 4102 uaccam
1244 4050 1376 4121 mutatae,

149 4124 263 4177 ionium
287 4130 478 4195 pertentasse
500 4122 685 4182 declinium.

205 4218 267 4285 539.
293 4215 528 4299 Mejeetetemqun
550 4219 704 4275 verendam
728 4219 873 4297 imposuit.
896 4223 1049 4299 Significat
1073 4222 1138 4277 ilion
1159 4218 1376 4297 ffeetassuitte

143 4307 221 4367 deos.
245 4306 321 4365 Nam
345 4306 503 4381 majestas,
524 4327 599 4381 arrae
622 4332 644 4367 a
665 4312 823 4389 majoribus
847 4310 926 4369 elicta
953 4324 1018 4383 est,
1043 4317 1163 4390 propria
1193 4322 1238 4373 eet
1258 4312 1373 4371 devium
