3030 5168
359 209 433 309 142
689 219 1052 287 r-ovmnnssoms

259 342 365 434 Ille,
390 344 505 423 cacis
521 341 655 424 uelox
676 341 880 451 applauso
898 366 1070 448 corpore
1085 340 1260 449 palmis,

256 455 414 538 Desilit
432 456 477 535 in
495 454 645 537 latices
661 496 674 540 .·
690 454 934 563 altemaque
952 453 1124 534 brachia
1141 453 1303 535 ducens

257 568 310 651 In
327 563 499 673 liquidis
516 567 745 649 translucet
762 566 910 677 aquis:
933 578 979 644 ut
994 566 1173 646 ebumea
1192 568 1234 647 si
1248 565 1345 678 quis

256 680 392 793 Signa
416 695 530 791 tegat
550 680 686 773 claro,
704 677 772 761 oel
785 673 977 760 candida
996 676 1090 758 lilia
1105 737 1118 771 ,
1134 679 1247 761 vitro
1394 674 1472 762 355

259 792 469 885 Vicimus,
486 821 538 873 en
555 820 671 874 nteus
687 804 775 883 est,
801 787 1017 871 exclamat
1036 788 1163 873 Nais:
1181 806 1240 883 et,
1253 792 1371 874 omni

262 904 386 990 Veste
398 903 553 1014 procul
550 903 679 1017 jacti
684 963 698 996 ,
716 899 867 984 mediis
883 901 1118 984 immittitur
1132 901 1283 990 undis.-

254 1016 296 1098 P
355 1046 579 1129 nucemque
596 1031 725 1099 tenet.-
742 1013 1029 1127 luctantiaque
1048 1015 1194 1097 oscula
1212 1018 1370 1124 carpit:

256 1129 292 1212 S
332 1129 547 1323 jectatyiye
581 1127 969 1237 manus,invitaque
983 1130 1332 1259 pectora-tangit.-

259 1239 322 1325 Et
341 1270 455 1325 nunc
526 1270 552 1325 c
561 1240 861 1355 juveni,nunc
880 1239 1234 1349 circumfunditur
1246 1239 1362 1323 ellac.
1391 1237 1469 1325 360

260 1353 455 1464 Dem‘que
473 1355 667 1435 nitentem
686 1367 849 1451 contra,
867 1351 1056 1463 elabique
1068 1353 1266 1437 volentem

261 1466 477 1575 Irnplicat,
494 1481 539 1547 ut
550 1493 735 1576 serpens,
754 1493 878 1576 quam
893 1464 1013 1579 rigia
1026 1466 1203 1547 sustinet
1220 1464 1331 1562 ales,·

260 1576 563 1691 Sublimemque
577 1580 709 1689 rapit.-
720 1575 909 1689 pendens
927 1592 1056 1686 caput
1072 1576 1170 1678 illa,
1184 1575 1396 1689 pedesque

263 1689 452 1802 Alltkak
469 1689 669 1776 escendo
687 1691 918 1801 spatiantes
937 1690 1125 1799 implicat
1139 1691 1246 1773 alas.

268 1801 372 1886 Utve
386 1804 520 1886 solent
536 1800 712 1887 hederae
730 1803 772 1885 lo
834 1832 881 1887 os
895 1805 1083 1885 intexere
1098 1821 1288 1887 truncos:
1395 1796 1473 1884 365

251 1913 406 2025 'thue
421 1916 497 1998 sub
515 1917 762 2028 aequoribus
838 1944 1034 2025 prensum
1043 1916 1226 2027 polypus
1240 1914 1397 1998 liostem

270 2022 479 2128 Continet,
499 2058 558 2110 ex
577 2030 693 2132 omni
701 2024 889 2113 dimissis
897 2027 1236 2144 porteflagellcs.

310 3228 373 3280 366.
384 3225 691 3300 Hostemcongrum,
723 3225 869 3295 concltile,
903 3225 1043 3282 locustam
1074 3234 1127 3280 aut
1156 3226 1246 3281 alium
1276 3230 1402 3302 piscem;
1434 3228 1474 3283 rel

253 3316 346 3388 ipsum
365 3318 452 3370 etiam
471 3317 652 3390 piscatorem
670 3314 738 3372 uide
758 3316 883 3371 Plinium
903 3314 949 3371 tto.
969 3337 995 3387 9.
1017 3319 1080 3370 Hoc
1098 3334 1179 3372 versu
1198 3318 1401 3393 significatur,
1420 3336 1480 3372 con-

256 3408 353 3482 clrylia
373 3429 392 3461 a
413 3409 520 3482 polypo
550 3409 627 3481 pisce
657 3407 808 3482 complexu
829 3409 949 3463 crinium
969 3409 1096 3463 detineri
1108 3447 1117 3472 ,
1127 3409 1293 3485 frangique
1311 3411 1408 3466 salita.
1429 3414 1479 3465 Est

255 3503 329 3553 enim
350 3498 479 3572 Polypus
509 3499 595 3570 piscis
624 3499 766 3573 sanguine
783 3515 905 3566 carens,
926 3500 975 3574 qui
994 3500 1069 3554 inter
1087 3498 1186 3572 mallia
1218 3508 1408 3556 numeratur:
1434 3502 1479 3553 cui

255 3587 382 3662 pediculi
400 3595 466 3643 sunt
487 3588 603 3654 octoni,
620 3606 641 3641 a
661 3606 783 3663 quorum
812 3588 994 3644 multitudine
1011 3608 1114 3644 nomen
1134 3591 1262 3646 invenit:
1282 3609 1355 3665 quos
1373 3589 1481 3644 Plinius

256 3677 341 3734 moto
359 3679 474 3741 crines,
495 3674 579 3732 modo
591 3677 681 3732 cirros
691 3677 842 3752 appellat,
863 3681 996 3752 quoniam
1009 3682 1102 3734 instar
1120 3689 1185 3735 sunt
1205 3679 1480 3754 capillamentorum.

259 3765 376 3823 Ouidius
397 3764 506 3842 flagella
525 3774 632 3832 vocat,
652 3767 752 3842 quilius
770 3766 995 3841 complectuntur
1006 3768 1178 3842 conchylia,
1197 3787 1316 3843 quorum
1333 3787 1421 3824 carne
1438 3787 1481 3821 oe·

256 3864 382 3910 scuntur.
395 3858 434 3909 Et
453 3858 498 3910 ita
516 3872 641 3930 expones
672 3854 783 3912 hostem
801 3875 856 3932 pra
874 3860 1033 3933 conchyliis
1051 3859 1216 3927 conchitae,
1238 3878 1312 3934 quas
1329 3859 1481 3932 peculiari·

255 3952 300 3998 ter
317 3944 417 4018 polypi
441 3951 606 4013 venantur,
623 3955 653 4001 et
671 3944 811 4024 flagellis,
830 3947 883 4002 ltac
901 3956 966 4017 est,
997 3950 1122 4005 crinibus
1140 3950 1199 4005 sire
1218 3952 1302 4005 cirris
1318 3952 1389 4019 (ita
1408 3952 1479 4004 enim

256 4033 371 4089 illorum
389 4033 514 4108 pediculi
532 4037 741 4111 nominantur)
759 4037 1011 4111 complectuntur,
1031 4049 1061 4093 ut
1081 4040 1170 4096 auelli
1190 4058 1247 4095 non
1267 4048 1395 4115 queunte
1414 4047 1480 4094 sunt

254 4126 332 4182 enim
351 4127 513 4182 avidissimi
530 4128 725 4184 concharum:
744 4147 821 4204 quae
840 4129 881 4185 ad
900 4140 1009 4186 tactum
1022 4136 1266 4206 comprimuntur,
1285 4131 1484 4207 praecidentes

256 4213 374 4271 brachia
394 4216 574 4289 polyporum.
596 4219 705 4272 Cauent
734 4236 805 4294 ergo
831 4220 951 4295 polypi,
969 4221 1199 4298 insidianturque
1218 4222 1332 4279 concliis
1351 4225 1479 4298 apertis,

255 4306 439 4381 inpositoque
459 4305 563 4379 lapillo
582 4308 612 4360 in
631 4305 815 4365 discuneatas
833 4320 1033 4385 grassantur,
1051 4314 1264 4389 extrahuntque
1282 4331 1393 4370 carnes.
