3014 5176
334 196 381 280 18
661 221 694 276 P.
714 215 1023 279 ovmnstsoms

260 412 265 420 .
300 343 494 423 Piromns
520 355 560 420 et
581 337 751 429 Thisbe,
759 336 958 447 juvenum
971 333 1275 444 prslclzerrimus
1292 335 1405 428 alter,

246 456 419 553 Atiam,
439 481 543 564 qnos
564 451 714 533 Oriens
731 449 873 529 babuit
887 512 897 546 ‚
910 448 1103 554 praelatu
1115 447 1290 556 puellis,
1389 444 1428 530 bb

253 567 484 675 (iintiguas
503 568 665 646 tenue're
683 559 846 646 domos.-
865 562 937 641 ubi
952 559 1110 642 dicitur
1124 559 1256 640 altam

255 680 479 763 (bctilibus
497 678 625 761 mun‘s
645 674 833 760 cinxisse
850 673 1087 758 Semiramis
1104 674 1254 756 urbem.

301 2755 371 2808 Fal.
393 2757 431 2809 ΙΙ.
461 2754 532 2831 Arg.
552 2755 696 2828 Pyramus
713 2763 742 2808 et
767 2754 875 2812 Thisbe.
901 2756 1037 2833 Pyramus
1056 2753 1177 2831 juvenis,
1197 2764 1228 2810 et
1247 2750 1354 2810 Thisbe
1375 2747 1459 2829 puella

242 2865 306 2902 cum
325 2846 425 2903 domus
444 2847 588 2923 contiguas
607 2844 754 2912 baberent,
773 2867 802 2905 se
823 2860 921 2905 mutuo
943 2869 1036 2905 amare
1057 2859 1221 2925 coeperuut3
1235 2866 1302 2903 cum
1320 2858 1417 2902 autam
1434 2858 1461 2900 se

243 2937 375 3014 amplecti
394 2938 476 2995 aliter
493 2958 552 2995 noa
571 2950 695 3015 possent,
716 2939 812 3016 egredi
831 2959 867 2996 ex
881 2940 950 2996 urbe
969 2941 1005 2996 ad
1026 2941 1213 2997 constitutum
1232 2938 1328 2997 locum
1338 2937 1465 2995 decrero·

243 3042 318 3086 mint.
338 3032 402 3102 Quo
428 3031 543 3107 quidem
561 3051 626 3087 cum
653 3032 729 3108 prior
748 3034 923 3108 pervenisset
952 3033 1075 3098 Thisbe,
1096 3032 1194 3089 leaena
1215 3031 1279 3089 illac
1305 3040 1466 3089 transeunte

242 3122 441 3197 perterrelacta
461 3122 490 3176 iu
509 3133 618 3178 antrum
639 3121 761 3179 vicinum
774 3124 909 3200 confugit.
930 3124 1067 3200 Pyramus
1087 3122 1189 3179 deinde
1210 3120 1383 3189 adveniens,
1403 3139 1467 3177 eum

243 3214 354 3279 velum,
384 3212 461 3288 quod
492 3214 613 3289 fugienti
632 3214 738 3270 Thisbe
759 3218 774 3270 ‘c
795 3215 886 3292 capite
906 3215 1069 3280 deciderat,
1092 3227 1270 3272 cruentatum
1301 3212 1469 3292 reperisset,

244 3327 307 3363 eam
326 3318 430 3383 putans
449 3326 464 3360 a
483 3305 551 3361 seris
571 3306 656 3362 luisse
675 3305 845 3372 laceratam,
867 3306 960 3384 gladio
981 3328 1066 3383 quem
1086 3328 1183 3365 secum
1203 3306 1328 3364 babebat
1340 3305 1395 3363 sub
1414 3326 1472 3361 mo·

244 3420 276 3455 ro
300 3399 397 3455 robore
420 3397 564 3464 incubuit,
586 3400 668 3474 cujus
686 3399 823 3475 sauguine
842 3400 958 3474 quidem
977 3421 1055 3456 mora
1076 3402 1176 3456 affecta
1195 3400 1274 3456 suere
1294 3399 1391 3477 nigra,
1410 3416 1474 3455 eum

243 3503 325 3547 antea
346 3490 463 3547 candida
483 3490 608 3547 fuissent.
629 3489 735 3547 t'hisba
755 3504 851 3548 autem
871 3511 907 3547 ex
919 3506 1001 3549 antro
1016 3513 1154 3570 regressa,
1168 3512 1233 3550 eum
1250 3493 1403 3569 Pyramum
1415 3488 1473 3548 vul·

243 3604 311 3640 nere
329 3584 490 3641 conlectum
512 3583 644 3649 vidisset,
664 3583 763 3640 eodem
784 3605 813 3640 se
834 3584 927 3662 gladio
948 3584 1086 3642 confodit.

302 3680 347 3746 57.
364 3674 422 3732 Ubi
440 3673 721 3750 dicitur.Babyloais
740 3693 836 3730 arcem
855 3697 875 3731 a
895 3676 965 3731 Beio
990 3674 1151 3743 conditam,
1170 3678 1282 3749 regiam
1309 3683 1338 3730 et
1370 3674 1472 3730 urbem.

242 3767 422 3828 Semiramis,
441 3766 503 3820 vita
514 3763 623 3839 functo
642 3765 766 3839 conjuge
784 3784 837 3819 suo
856 3765 948 3834 Nino,
968 3768 1058 3820 cinxit
1077 3784 1158 3820 micro
1190 3785 1229 3820 ea
1260 3764 1356 3819 latero
1377 3764 1471 3819 coctili

244 3858 379 3912 bitumine
399 3838 541 3924 interlito,
574 3857 657 3929 cujus
685 3856 807 3912 ambitus
836 3860 900 3913 365.
925 3857 1024 3912 stadia
1045 3857 1258 3932 complectitur,
1281 3875 1346 3911 cum
1378 3874 1473 3911 annua

240 3949 336 4020 spatio
357 3945 472 4021 singula
490 3947 590 4002 stadia
609 3947 731 4024 singulis
748 3946 848 4003 dicim
867 3957 960 4003 essent
979 3947 1121 4023 perfecta.
1134 3948 1268 4003 Altitudo
1302 3949 1381 4002 muri
1399 3949 1471 4000 inter

243 4049 351 4105 turres,
371 4059 445 4114 quae
464 4049 547 4094 erant
567 4043 643 4105 250,
674 4049 739 4095 erat
758 4039 917 4095 cubitorum
939 4044 989 4110 3⁰3
1013 4043 1142 4116 ipsarum
1168 4045 1289 4095 turrium
1325 4038 1472 4106 altitudo,

244 4131 401 4187 cubitorum
427 4136 482 4196 60,·
518 4131 644 4187 latitudo
665 4135 709 4186 32.
729 4131 851 4207 pedum,
872 4143 904 4189 ut
924 4131 1087 4210 quadrigae
1098 4141 1279 4188 occurrentes
1285 4130 1388 4205 facile
1403 4150 1475 4186 com·

245 4241 341 4277 meare
360 4225 436 4278 inter
454 4242 484 4278 se
502 4231 626 4296 possent.
647 4224 703 4295 Qui
721 4224 808 4296 plirra
827 4224 904 4281 volet
915 4265 923 4291 ,
945 4222 1035 4281 adeat
1055 4224 1232 4280 Diodor.iib.
1258 4226 1283 4276 3.
1303 4223 1473 4277 Strabonem

249 4316 292 4366 16.
314 4314 444 4367 Curtium
463 4312 510 4367 tit».
534 4316 557 4368 5.
578 4311 754 4370 Herodotum
776 4333 801 4369 a.
