3030 5168
243 248 328 368 390
581 270 617 330 a.
636 268 763 327 osmu
781 264 947 327 ussurus
1004 308 1009 315 .
1065 306 1068 311 .

142 398 206 486 Et
229 413 352 479 vetus
370 394 416 476 in
434 391 522 476 toiri
541 389 769 475 deducitur
782 401 1087 502 argumentum.

202 507 409 618 Cecropio
428 505 579 589 Pallas
595 530 670 587 seo
698 503 813 585 ulum
840 500 1054 585 Mavortis
1070 500 1117 581 in
1134 518 1240 585 aene
1330 524 1382 610 φο

141 622 321 736 Pingit,
340 636 381 703 et
399 620 618 733 antiquam
708 632 843 698 terrae
856 611 1169 698 nominalium
1374 626 1377 631 '

142 738 221 822 Bis
241 762 321 818 sea
341 731 540 817 caelestes
557 727 695 814 medio
707 728 807 815 Jove
820 724 991 811 sedibus
1004 725 1106 809 altis

145 850 354 962 Augusta
404 844 578 929 navitate
595 836 757 926 sedent:
777 868 856 924 sua
875 868 1076 953 quemque
1088 839 1302 927 Beonan.

145 960 344 1045 Inseribit
352 874 508 1068 fircies.
527 957 645 1042 Jovis
663 953 896 1069 astragalis
913 954 1070 1083 inungo.

145 1074 266 1160 Stane
283 1071 423 1155 Deum
437 1070 610 1185 pelagi,
628 1067 837 1183 longoque
839 1066 974 1178 ferire
987 1061 1168 1151 tradente
1319 1026 1380 1183 ¹75

198 2851 245 2920 69.
259 2846 351 2904 Vetus
370 2855 579 2924 argumentum.
609 2848 732 2922 Antiqua
741 2843 864 2920 sabula.
885 2844 1050 2905 Deducitur.
1072 2845 1251 2926 Effingitur.

198 2941 263 2998 Fae.
282 2940 334 2997 lv.
356 2941 424 3017 Arg.
446 2941 584 3014 Cecropia
605 2940 709 2996 Pailas
728 2950 782 2996 eta.
803 2941 932 2998 Minerva
953 2941 1025 2997 telae
1045 2960 1113 2997 auae
1128 2941 1260 3001 intexuit
1273 2953 1385 3002 conten·

142 3030 250 3090 tionem
269 3030 306 3087 de
324 3029 396 3087 urbe
416 3028 593 3088 Athenarum
612 3032 736 3089 interae
756 3043 786 3090 et
804 3032 971 3110 Neptunum
991 3029 1137 3099 habitam,
1157 3032 1212 3110 qni
1231 3030 1300 3092 lacn
1318 3032 1384 3091 falsu

142 3120 172 3180 io
192 3143 258 3182 aree
277 3123 354 3182 edito
367 3165 377 3193 ,
397 3125 451 3182 sibi
471 3145 533 3182 eam
552 3124 757 3204 possessionem
790 3125 963 3190 vindicabat,
998 3123 1058 3203 ipsa
1087 3136 1187 3182 autem
1212 3125 1292 3185 aliea
1317 3146 1335 3184 a
1356 3143 1385 3186 aa

144 3213 244 3272 arbore
263 3214 390 3274 iuventa.
408 3217 504 3283 item,
523 3214 681 3296 Rhodopen
701 3217 862 3275 Threiciam
883 3228 912 3273 et
937 3218 1100 3281 Haemum,
1124 3216 1176 3292 qui
1195 3217 1261 3296 pari
1279 3215 1384 3277 inania

145 3321 175 3366 et
194 3329 291 3366 amore
313 3309 438 3386 conjugii
457 3310 532 3366 lovis
551 3330 584 3367 ae
604 3310 723 3367 Iunonis
753 3309 834 3367 abusi
859 3322 941 3366 eraut
967 3308 1154 3380 nominibus,
1179 3323 1211 3369 et
1230 3310 1272 3369 ob
1298 3312 1329 3370 id
1356 3309 1385 3369 ia

145 3413 257 3458 montes
278 3399 478 3477 transfigurati.
502 3399 659 3476 Pygmaeae
678 3420 792 3475 quoque
816 3419 912 3458 tasum
932 3398 1031 3467 addit,
1057 3419 1132 3476 quae
1164 3419 1181 3457 a
1212 3402 1329 3460 lunone
1355 3401 1385 3459 iu

145 3511 243 3566 gruem
262 3510 342 3548 versa
362 3502 413 3547 est.
436 3492 528 3558 item,
549 3489 722 3569 Antigonam
743 3491 942 3557 Laomedontis
961 3490 1070 3563 filiam,
1090 3510 1201 3567 quam,
1221 3492 1383 3568 quodcum

144 3581 213 3636 love
232 3580 345 3637 coiisset
365 3579 403 3635 ob
423 3580 574 3637 admissum
596 3581 705 3638 facinus
723 3581 799 3638 luno
818 3579 1027 3659 transfiguravit
1039 3580 1069 3637 iu
1080 3581 1233 3639 ciconiam.
1256 3585 1382 3661 cynarae

145 3685 286 3750 praeterea
307 3672 380 3750 regis
399 3673 580 3748 Assyriorum
599 3673 669 3730 filias
690 3672 728 3731 ob
747 3673 927 3732 insolentiam
947 3674 985 3731 ab
1008 3674 1108 3733 eadem
1130 3674 1186 3732 dea
1209 3676 1242 3735 io
1272 3677 1385 3757 gradum

148 3763 246 3840 templi
265 3783 316 3821 seu
336 3764 459 3842 lapidem
479 3777 610 3822 mutatas.
630 3766 685 3823 Per
704 3787 778 3844 quae
799 3767 928 3846 exempla
948 3769 1041 3844 frangi
1061 3765 1109 3824 illa
1140 3778 1264 3844 posset,
1295 3769 1384 3848 deque

147 3853 291 3911 Minervae
312 3853 428 3912 nomine
448 3855 555 3913 certios
573 3855 655 3930 fieriq
675 3856 819 3934 finemque
840 3858 921 3936 operi
941 3878 992 3917 suu
1012 3859 1145 3914 arborem
1171 3876 1259 3917 suam
1285 3858 1388 3947 olisna·

147 3946 291 4022 imposuit.

205 4057 250 4109 70.
268 4038 405 4117 Cecropia
423 4059 496 4098 ame.
520 4040 708 4109 Atheniensi,
727 4061 746 4098 a
769 4046 895 4119 Cecrope
913 4042 1087 4098 Athenarum
1106 4060 1185 4121 ruge.
1215 4045 1382 4127 Scopulum.

148 4129 256 4187 collem
277 4132 385 4187 Martis
396 4171 406 4197 ‚
426 4137 632 4210 Areopagum,
651 4137 680 4191 in
700 4153 758 4211 quo
776 4153 897 4191 causans
916 4133 1034 4191 dixerat
1052 4135 1136 4211 apud
1160 4159 1206 4196 saa
1240 4145 1325 4201 Deos
1345 4140 1387 4219 lm

145 4220 224 4280 dices
241 4222 279 4280 de
298 4223 387 4281 caede
406 4226 619 4295 Heliaramia,
640 4237 796 4284 accusante
814 4236 899 4303 patre
918 4228 1063 4303 Neptuno.

205 4317 252 4388 73.
275 4314 401 4391 Augusta
423 4317 570 4392 grauitate.
591 4321 686 4375 Sacra
705 4319 868 4393 majestate.
881 4318 937 4376 Sua
951 4316 1234 4394 quemque-deorum
1248 4316 1390 4389 macrinio

146 4406 211 4463 Huc
230 4411 272 4464 ast
284 4442 295 4472 ,
309 4409 507 4484 unusqu-sque
525 4402 644 4468 &urum
662 4411 781 4485 propria
801 4407 950 4488 effingitur
964 4408 1088 4486 figura.'
1287 4412 1291 4417 '
1380 4400 1390 4429 ⁴
