3030 5168
245 241 320 327 126
578 259 614 326 t.
633 266 763 327 ovum
780 262 944 327 utsoms

140 381 327 469 Luridus
344 412 587 498 exsangues
600 382 742 494 pallor
757 382 957 466 conuertit
974 384 1019 465 iu
1041 380 1200 464 herbas.

142 495 226 578 Est
245 498 290 579 iu
303 515 424 609 parte
436 501 572 581 rubor:
593 496 805 610 violaeque
823 494 1146 578 simillimusora

140 608 244 693 Flos
263 614 376 725 tegit·
400 612 481 693 [tta
498 638 639 704 suum,
659 613 855 722 qicamuis
873 606 1021 692 radice
1040 624 1224 699 tenetur,

144 721 331 808 Vertitur
343 723 407 806 ad
421 725 574 808 Solem:
595 740 833 835 mutataque
851 740 985 809 seruat
1002 748 1196 803 amorem.
1272 745 1344 827 27⁰

230 834 435 918 Dixerat:
455 854 494 919 et
509 839 671 944 factum
690 837 876 918 mirabile
895 851 1061 945 ceperat
1080 858 1217 914 aures.

148 946 259 1029 Pars
269 949 375 1054 fieri
384 953 572 1060 potuisse
590 967 764 1061 negant:
778 978 883 1060 pars
901 950 1043 1032 omnia
1063 972 1177 1029 ueros

146 1059 279 1143 Posse
295 1064 412 1148 Deos
428 1079 676 1172 memorant,
686 1061 764 1147 sed
779 1092 862 1146 uon
880 1080 921 1143 et
938 1059 1133 1142 trucetas
1149 1060 1196 1139 iu
1213 1057 1265 1138 ill
1271 1057 1307 1140 's.

147 1178 347 1259 Poscitur
360 1178 579 1268 Alcithoe,
592 1193 814 1289 postquam
832 1176 983 1259 siluae
999 1198 1174 1255 sorores:

151 1292 272 1403 Qicae
288 1289 410 1375 radio
421 1290 573 1375 stantis
584 1318 831 1403 percurrens
847 1289 1030 1374 stamina
1047 1284 1172 1394 telae,
1276 1277 1347 1391 275

208 3425 273 3491 ²⁶9·
283 3416 357 3474 Flos.
380 3415 604 3492 Heliotropium,
616 3418 707 3492 iuquit
719 3417 843 3485 Plinius,
864 3437 895 3475 se
913 3437 977 3474 eum
988 3419 1048 3474 sole
1061 3421 1249 3497 circumagit,
1268 3422 1358 3478 auu·

150 3523 207 3570 tem
226 3511 376 3585 sequitur,
396 3515 495 3561 tantus
513 3526 597 3562 amor
614 3516 658 3562 est
677 3508 801 3571 sideris,
820 3507 868 3563 lio.
889 3530 916 3565 n.
934 3528 959 3565 c.
971 3513 1015 3580 4¹·
1036 3520 1063 3565 et
1083 3510 1102 3565 l.
1125 3530 1169 3567 αα.
1190 3531 1299 3586 capa,

205 3599 274 3656 Feb.
292 3598 328 3651 V.
348 3597 397 3651 vt.
417 3596 481 3650 vlt.
500 3598 579 3653 vm.
601 3596 669 3671 Arg.
681 3600 825 3664 Dixerat,
844 3607 873 3652 et
883 3598 1022 3670 jactum,
1041 3609 1095 3657 eta.
1115 3600 1270 3676 Postquam
1297 3603 1359 3656 Len·

148 3693 251 3750 cothoe
262 3728 271 3756 ,
291 3687 401 3760 inquit,
421 3706 532 3742 numne
557 3685 664 3753 desiit,
684 3687 810 3764 poscitur
829 3687 982 3758 Alcithoe,
1002 3709 1074 3765 quae
1093 3688 1284 3748 narrationem
1303 3687 1359 3746 inei·

149 3782 252 3861 piens,
271 3775 424 3855 praeterire
444 3795 474 3831 se
493 3776 562 3832 dicit
582 3775 711 3853 vulgares
729 3776 859 3843 sabulos,
878 3790 911 3833 ut
928 3778 964 3835 de
984 3778 1153 3856 Daphnide,
1174 3781 1261 3841 idaeo
1280 3793 1361 3859 pasto·

149 3893 195 3940 re,
214 3869 264 3947 qui
283 3866 360 3942 quod
380 3862 464 3920 fidem
484 3867 606 3943 conjugii
627 3886 685 3923 non
704 3867 883 3944 praestiterat
902 3869 932 3923 in
950 3889 1049 3925 saxum
1068 3869 1193 3927 obierit:
1214 3884 1244 3928 et
1267 3871 1302 3928 de
1329 3869 1363 3927 si·

150 3961 248 4024 thone,
267 3956 317 4031 qui
336 3974 372 4011 ex
401 3954 461 4010 viro
480 3955 510 4009 in
540 3956 673 4012 seminum
695 3969 823 4013 cesserat.
842 3959 941 4033 Neque
961 3960 1045 4014 etium
1065 3959 1221 4017 relaturam
1251 3980 1311 4019 esse
1328 3978 1364 4017 et·

148 4068 196 4107 eus
222 4045 311 4104 Ceimi
322 4085 332 4111 ,
350 4054 401 4098 nut
419 4043 602 4112 Ariasmenus,
621 4048 831 4121 Curetumque,
854 4050 904 4123 qui
924 4068 959 4104 ex
979 4048 1117 4105 imbribus
1136 4064 1204 4108 suut
1226 4047 1362 4129 procreati·

147 4140 276 4198 Retinere
295 4155 325 4193 se
345 4134 430 4189 etium
449 4133 519 4190 dicit
537 4137 572 4193 de
592 4140 682 4194 Crono
702 4149 731 4193 et
751 4136 886 4207 Smilace,
905 4144 955 4213 qui
974 4141 1005 4196 in
1024 4142 1110 4198 ssores
1122 4145 1198 4200 versi
1217 4156 1294 4201 sunt.
1314 4139 1362 4200 set

146 4230 182 4287 ile
201 4227 327 4285 Solmnce
347 4224 426 4279 tonte
445 4222 544 4280 Curiae
566 4227 672 4283 referre
692 4225 782 4285 selle:
802 4229 884 4303 eujus
902 4228 1012 4304 liquore
1031 4235 1156 4290 contacti
1175 4234 1300 4293 mollicie
1318 4230 1363 4290 dit·

148 4322 313 4401 figurentur.
