<?xml version="1.0" encoding="UTF-8"?>
<!DOCTYPE html PUBLIC "-//W3C//DTD XHTML 1.0 Transitional//EN"
    "http://www.w3.org/TR/xhtml1/DTD/xhtml1-transitional.dtd">
<html xmlns="http://www.w3.org/1999/xhtml" xml:lang="en" lang="en">
 <head>
  <title>
</title>
<meta http-equiv="Content-Type" content="text/html;charset=utf-8" />
  <meta name='ocr-system' content='tesseract 3.04.00' />
  <meta name='ocr-capabilities' content='ocr_page ocr_carea ocr_par ocr_line ocrx_word'/>
</head>
<body>
  <div class='ocr_page' id='page_1' title='image "./povidiinasonism00angugoog_0142.png"; bbox 0 0 3030 5168; ppageno 0'>
   <div class='ocr_carea' id='block_1_1' title="bbox 237 226 940 310">
    <p class='ocr_par' dir='ltr' id='par_1_1' title="bbox 237 226 940 310">
     <span class='ocr_line' id='line_1_1' title="bbox 237 226 940 310; baseline -0.007 0"><span class='ocrx_word' id='word_1_1' title='bbox 237 226 312 310; x_wconf 83' lang='lat'><em>128</em></span> <span class='ocrx_word' id='word_1_2' title='bbox 570 244 940 308; x_wconf 66' lang='lat' dir='ltr'><em>renuntiemus</em></span> 
     </span>
    </p>
   </div>
   <div class='ocr_carea' id='block_1_2' title="bbox 144 366 1354 1611">
    <p class='ocr_par' dir='ltr' id='par_1_2' title="bbox 144 366 1354 1383">
     <span class='ocr_line' id='line_1_2' title="bbox 150 366 1047 485; baseline -0.01 -29"><span class='ocrx_word' id='word_1_3' title='bbox 150 372 195 461; x_wconf 88' lang='lat' dir='ltr'><em>V</em></span> <span class='ocrx_word' id='word_1_4' title='bbox 191 374 360 485; x_wconf 82' lang='lat' dir='ltr'><em>ulgntos</em></span> <span class='ocrx_word' id='word_1_5' title='bbox 377 388 518 471; x_wconf 87' lang='lat' dir='ltr'><em>taceo,</em></span> <span class='ocrx_word' id='word_1_6' title='bbox 537 366 674 461; x_wconf 63' lang='lat' dir='ltr'><em>dulcit,</em></span> <span class='ocrx_word' id='word_1_7' title='bbox 687 368 874 478; x_wconf 82' lang='lat' dir='ltr'><em>pastoris·</em></span> <span class='ocrx_word' id='word_1_8' title='bbox 886 393 1047 448; x_wconf 83' lang='lat' dir='ltr'><em>umores</em></span> 
     </span>
     <span class='ocr_line' id='line_1_3' title="bbox 144 478 1167 596; baseline -0.007 -28"><span class='ocrx_word' id='word_1_9' title='bbox 144 483 390 596; x_wconf 75' lang='lat' dir='ltr'><em>Daphnidis</em></span> <span class='ocrx_word' id='word_1_10' title='bbox 408 483 531 566; x_wconf 84' lang='lat' dir='ltr'><em>Idaei</em></span> <span class='ocrx_word' id='word_1_11' title='bbox 537 546 549 578; x_wconf 91' lang='lat'><strong><em>,</em></strong></span> <span class='ocrx_word' id='word_1_12' title='bbox 568 510 687 594; x_wconf 74' lang='lat' dir='ltr'><em>queem</em></span> <span class='ocrx_word' id='word_1_13' title='bbox 705 479 902 591; x_wconf 79' lang='lat' dir='ltr'><em>Nymphe</em></span> <span class='ocrx_word' id='word_1_14' title='bbox 913 479 1083 589; x_wconf 85' lang='lat' dir='ltr'><em>pellicis</em></span> <span class='ocrx_word' id='word_1_15' title='bbox 1101 478 1167 561; x_wconf 82' lang='lat' dir='ltr'><em>ini</em></span> 
     </span>
     <span class='ocr_line' id='line_1_4' title="bbox 148 590 1218 682; baseline -0.007 0"><span class='ocrx_word' id='word_1_16' title='bbox 148 598 331 682; x_wconf 86' lang='lat' dir='ltr'><em>Contulit</em></span> <span class='ocrx_word' id='word_1_17' title='bbox 350 599 393 678; x_wconf 89' lang='lat' dir='ltr'><em>in</em></span> <span class='ocrx_word' id='word_1_18' title='bbox 413 625 583 678; x_wconf 71' lang='lat' dir='ltr'><em>sonum:</em></span> <span class='ocrx_word' id='word_1_19' title='bbox 603 612 745 675; x_wconf 84' lang='lat' dir='ltr'><em>tantus</em></span> <span class='ocrx_word' id='word_1_20' title='bbox 763 590 887 675; x_wconf 85' lang='lat' dir='ltr'><em>dolor</em></span> <span class='ocrx_word' id='word_1_21' title='bbox 901 593 986 673; x_wconf 88' lang='lat' dir='ltr'><em>urit</em></span> <span class='ocrx_word' id='word_1_22' title='bbox 1017 608 1218 674; x_wconf 78' lang='lat' dir='ltr'><em>unientes.</em></span> 
     </span>
     <span class='ocr_line' id='line_1_5' title="bbox 144 705 1189 824; baseline -0.009 -28"><span class='ocrx_word' id='word_1_23' title='bbox 144 711 238 796; x_wconf 86' lang='lat' dir='ltr'><em>Nec</em></span> <span class='ocrx_word' id='word_1_24' title='bbox 257 713 419 824; x_wconf 83' lang='lat' dir='ltr'><em>loquor,</em></span> <span class='ocrx_word' id='word_1_25' title='bbox 438 726 483 791; x_wconf 86' lang='lat' dir='ltr'><em>nt</em></span> <span class='ocrx_word' id='word_1_26' title='bbox 502 705 714 822; x_wconf 81' lang='lat' dir='ltr'><em>qnondam</em></span> <span class='ocrx_word' id='word_1_27' title='bbox 736 723 912 787; x_wconf 87' lang='lat' dir='ltr'><em>nntnrne</em></span> <span class='ocrx_word' id='word_1_28' title='bbox 920 706 1021 818; x_wconf 82' lang='lat' dir='ltr'><em>jure</em></span> <span class='ocrx_word' id='word_1_29' title='bbox 1038 721 1189 788; x_wconf 80' lang='lat' dir='ltr'><em>novato</em></span> 
     </span>
     <span class='ocr_line' id='line_1_6' title="bbox 146 816 1354 935; baseline -0.002 -30"><span class='ocrx_word' id='word_1_30' title='bbox 146 823 386 935; x_wconf 53' lang='lat' dir='ltr'><em>sirribiguus</em></span> <span class='ocrx_word' id='word_1_31' title='bbox 396 823 529 928; x_wconf 77' lang='lat' dir='ltr'><em>fuerit</em></span> <span class='ocrx_word' id='word_1_32' title='bbox 546 819 671 904; x_wconf 84' lang='lat' dir='ltr'><em>morlo</em></span> <span class='ocrx_word' id='word_1_33' title='bbox 685 821 757 920; x_wconf 84' lang='lat' dir='ltr'><em>vir,</em></span> <span class='ocrx_word' id='word_1_34' title='bbox 769 816 904 925; x_wconf 75' lang='lat' dir='ltr'><em>modo¹</em></span> <span class='ocrx_word' id='word_1_35' title='bbox 905 820 1078 921; x_wconf 81' lang='lat' dir='ltr'><em>femina,</em></span> <span class='ocrx_word' id='word_1_36' title='bbox 1092 816 1291 928; x_wconf 75' lang='lat' dir='ltr'><em>Scythen.</em></span> <span class='ocrx_word' id='word_1_37' title='bbox 1306 818 1354 902; x_wconf 87' lang='lat'><em>28</em></span> 
     </span>
     <span class='ocr_line' id='line_1_7' title="bbox 149 928 1343 1048; baseline -0.003 -30"><span class='ocrx_word' id='word_1_38' title='bbox 149 935 208 1018; x_wconf 85' lang='lat' dir='ltr'><em>Te</em></span> <span class='ocrx_word' id='word_1_39' title='bbox 226 963 406 1048; x_wconf 72' lang='lat' dir='ltr'><em>neroque,</em></span> <span class='ocrx_word' id='word_1_40' title='bbox 421 964 534 1017; x_wconf 88' lang='lat' dir='ltr'><em>nunc</em></span> <span class='ocrx_word' id='word_1_41' title='bbox 550 934 751 1033; x_wconf 70' lang='lat' dir='ltr'><em>adrentus,</em></span> <span class='ocrx_word' id='word_1_42' title='bbox 770 931 981 1044; x_wconf 80' lang='lat' dir='ltr'><em>qnondam</em></span> <span class='ocrx_word' id='word_1_43' title='bbox 1000 928 1207 1027; x_wconf 74' lang='lat' dir='ltr'><em>fidissime</em></span> <span class='ocrx_word' id='word_1_44' title='bbox 1219 960 1343 1040; x_wconf 78' lang='lat' dir='ltr'><em>parvo</em></span> 
     </span>
     <span class='ocr_line' id='line_1_8' title="bbox 150 1043 1243 1159; baseline -0.005 -28"><span class='ocrx_word' id='word_1_45' title='bbox 150 1046 282 1131; x_wconf 77' lang='lat' dir='ltr'><em>Cotini</em></span> <span class='ocrx_word' id='word_1_46' title='bbox 289 1112 299 1145; x_wconf 90' lang='lat'>‚</span> <span class='ocrx_word' id='word_1_47' title='bbox 317 1046 438 1131; x_wconf 87' lang='lat' dir='ltr'><em>Jovi:</em></span> <span class='ocrx_word' id='word_1_48' title='bbox 459 1049 661 1159; x_wconf 77' lang='lat' dir='ltr'><em>largoque</em></span> <span class='ocrx_word' id='word_1_49' title='bbox 678 1062 794 1130; x_wconf 83' lang='lat' dir='ltr'><em>satos</em></span> <span class='ocrx_word' id='word_1_50' title='bbox 816 1043 1018 1131; x_wconf 84' lang='lat' dir='ltr'><em>Curetas*</em></span> <span class='ocrx_word' id='word_1_51' title='bbox 1037 1045 1091 1125; x_wconf 86' lang='lat' dir='ltr'><em>ab</em></span> <span class='ocrx_word' id='word_1_52' title='bbox 1110 1043 1243 1128; x_wconf 82' lang='lat' dir='ltr'><em>imbri.</em></span> 
     </span>
     <span class='ocr_line' id='line_1_9' title="bbox 146 1154 1278 1270; baseline -0.005 -25"><span class='ocrx_word' id='word_1_53' title='bbox 146 1159 210 1245; x_wconf 85' lang='lat' dir='ltr'><em>Et</em></span> <span class='ocrx_word' id='word_1_54' title='bbox 231 1156 392 1243; x_wconf 86' lang='lat' dir='ltr'><em>Crocon</em></span> <span class='ocrx_word' id='word_1_55' title='bbox 409 1161 455 1241; x_wconf 91' lang='lat' dir='ltr'><em>in</em></span> <span class='ocrx_word' id='word_1_56' title='bbox 468 1188 631 1268; x_wconf 74' lang='lat' dir='ltr'><em>parvos</em></span> <span class='ocrx_word' id='word_1_57' title='bbox 649 1187 807 1242; x_wconf 80' lang='lat' dir='ltr'><em>versum</em></span> <span class='ocrx_word' id='word_1_58' title='bbox 825 1187 922 1242; x_wconf 87' lang='lat' dir='ltr'><em>eum</em></span> <span class='ocrx_word' id='word_1_59' title='bbox 939 1157 1121 1239; x_wconf 84' lang='lat' dir='ltr'><em>Smilace</em></span> <span class='ocrx_word' id='word_1_60' title='bbox 1124 1154 1278 1270; x_wconf 81' lang='lat' dir='ltr'><em>flores,</em></span> 
     </span>
     <span class='ocr_line' id='line_1_10' title="bbox 146 1270 1167 1383; baseline -0.003 -29"><span class='ocrx_word' id='word_1_61' title='bbox 146 1272 389 1357; x_wconf 79' lang='lat' dir='ltr'><em>Praetereo.-</em></span> <span class='ocrx_word' id='word_1_62' title='bbox 406 1270 605 1383; x_wconf 79' lang='lat' dir='ltr'><em>dulcique</em></span> <span class='ocrx_word' id='word_1_63' title='bbox 622 1273 786 1356; x_wconf 81' lang='lat' dir='ltr'><em>nnimos</em></span> <span class='ocrx_word' id='word_1_64' title='bbox 811 1272 992 1355; x_wconf 80' lang='lat' dir='ltr'><em>novitate</em></span> <span class='ocrx_word' id='word_1_65' title='bbox 1011 1270 1167 1351; x_wconf 79' lang='lat' dir='ltr'><em>tenebo.</em></span> 
     </span>
    </p>

    <p class='ocr_par' dir='ltr' id='par_1_3' title="bbox 146 1377 1354 1611">
     <span class='ocr_line' id='line_1_11' title="bbox 234 1377 1354 1498; baseline -0.003 -33"><span class='ocrx_word' id='word_1_66' title='bbox 234 1382 358 1466; x_wconf 84' lang='lat' dir='ltr'><em>Unde</em></span> <span class='ocrx_word' id='word_1_67' title='bbox 376 1384 431 1467; x_wconf 78' lang='lat' dir='ltr'><em>sit</em></span> <span class='ocrx_word' id='word_1_68' title='bbox 450 1385 669 1492; x_wconf 83' lang='lat' dir='ltr'><em>infurnis*;</em></span> <span class='ocrx_word' id='word_1_69' title='bbox 688 1414 816 1498; x_wconf 76' lang='lat' dir='ltr'><em>qnare</em></span> <span class='ocrx_word' id='word_1_70' title='bbox 834 1382 942 1463; x_wconf 86' lang='lat' dir='ltr'><em>mole</em></span> <span class='ocrx_word' id='word_1_71' title='bbox 951 1384 1138 1489; x_wconf 82' lang='lat' dir='ltr'><em>fintilnts</em></span> <span class='ocrx_word' id='word_1_72' title='bbox 1151 1378 1274 1461; x_wconf 85' lang='lat' dir='ltr'><em>undis</em></span> <span class='ocrx_word' id='word_1_73' title='bbox 1284 1377 1354 1462; x_wconf 74' lang='lat'><em>285</em></span> 
     </span>
     <span class='ocr_line' id='line_1_12' title="bbox 146 1494 1168 1611; baseline -0.006 -31"><span class='ocrx_word' id='word_1_74' title='bbox 146 1497 355 1580; x_wconf 81' lang='lat' dir='ltr'><em>Salmacis</em></span> <span class='ocrx_word' id='word_1_75' title='bbox 373 1513 550 1597; x_wconf 71' lang='lat' dir='ltr'><em>enervet,</em></span> <span class='ocrx_word' id='word_1_76' title='bbox 568 1512 785 1611; x_wconf 82' lang='lat' dir='ltr'><em>tactosque</em></span> <span class='ocrx_word' id='word_1_77' title='bbox 803 1494 1008 1579; x_wconf 76' lang='lat' dir='ltr'><em>remolliat</em></span> <span class='ocrx_word' id='word_1_78' title='bbox 1026 1510 1168 1590; x_wconf 85' lang='lat' dir='ltr'><em>urtus;</em></span> 
     </span>
    </p>
   </div>
   <div class='ocr_carea' id='block_1_3' title="bbox 72 2607 1354 4424">
    <p class='ocr_par' dir='ltr' id='par_1_4' title="bbox 144 2607 1354 2959">
     <span class='ocr_line' id='line_1_13' title="bbox 201 2607 1354 2687; baseline -0.001 -21"><span class='ocrx_word' id='word_1_79' title='bbox 201 2608 435 2687; x_wconf 77' lang='lat' dir='ltr'><em>277.Duplmiilis</em></span> <span class='ocrx_word' id='word_1_80' title='bbox 460 2607 547 2663; x_wconf 78' lang='lat' dir='ltr'><em>idaei.</em></span> <span class='ocrx_word' id='word_1_81' title='bbox 559 2608 714 2683; x_wconf 71' lang='lat' dir='ltr'><em>Daphnis,</em></span> <span class='ocrx_word' id='word_1_82' title='bbox 748 2607 831 2685; x_wconf 74' lang='lat' dir='ltr'><em>cuijus</em></span> <span class='ocrx_word' id='word_1_83' title='bbox 861 2610 1007 2666; x_wconf 86' lang='lat' dir='ltr'><em>interitum</em></span> <span class='ocrx_word' id='word_1_84' title='bbox 1038 2610 1145 2687; x_wconf 77' lang='lat' dir='ltr'><em>Virgil.</em></span> <span class='ocrx_word' id='word_1_85' title='bbox 1171 2628 1279 2687; x_wconf 80' lang='lat' dir='ltr'><em>qnoque</em></span> <span class='ocrx_word' id='word_1_86' title='bbox 1300 2612 1354 2681; x_wconf 69' lang='lat' dir='ltr'><em>pvsl</em></span> 
     </span>
     <span class='ocr_line' id='line_1_14' title="bbox 147 2700 1354 2779; baseline -0.002 -21"><span class='ocrx_word' id='word_1_87' title='bbox 147 2705 328 2760; x_wconf 75' lang='lat' dir='ltr'><em>Theocritum</em></span> <span class='ocrx_word' id='word_1_88' title='bbox 348 2704 447 2777; x_wconf 67' lang='lat' dir='ltr'><em>rlqtlct.</em></span> <span class='ocrx_word' id='word_1_89' title='bbox 460 2702 602 2756; x_wconf 78' lang='lat' dir='ltr'><em>Mercurii</em></span> <span class='ocrx_word' id='word_1_90' title='bbox 611 2701 698 2777; x_wconf 78' lang='lat' dir='ltr'><em>filius</em></span> <span class='ocrx_word' id='word_1_91' title='bbox 707 2702 809 2775; x_wconf 85' lang='lat' dir='ltr'><em>juisse</em></span> <span class='ocrx_word' id='word_1_92' title='bbox 822 2714 1012 2770; x_wconf 86' lang='lat' dir='ltr'><em>memoratur,</em></span> <span class='ocrx_word' id='word_1_93' title='bbox 1032 2705 1057 2757; x_wconf 87' lang='lat' dir='ltr'><em>is</em></span> <span class='ocrx_word' id='word_1_94' title='bbox 1075 2724 1095 2758; x_wconf 82' lang='lat' dir='ltr'><strong><em>a</em></strong></span> <span class='ocrx_word' id='word_1_95' title='bbox 1115 2704 1241 2779; x_wconf 77' lang='lat' dir='ltr'><em>nympha</em></span> <span class='ocrx_word' id='word_1_96' title='bbox 1259 2700 1354 2757; x_wconf 80' lang='lat' dir='ltr'><em>nonsim</em></span> 
     </span>
     <span class='ocr_line' id='line_1_15' title="bbox 145 2786 1354 2866; baseline -0.007 -16"><span class='ocrx_word' id='word_1_97' title='bbox 145 2795 251 2850; x_wconf 77' lang='lat' dir='ltr'><em>Thalia</em></span> <span class='ocrx_word' id='word_1_98' title='bbox 272 2794 429 2849; x_wconf 77' lang='lat' dir='ltr'><em>adamatus</em></span> <span class='ocrx_word' id='word_1_99' title='bbox 449 2795 493 2846; x_wconf 87' lang='lat' dir='ltr'><em>ita</em></span> <span class='ocrx_word' id='word_1_100' title='bbox 512 2798 576 2857; x_wconf 83' lang='lat' dir='ltr'><em>est,</em></span> <span class='ocrx_word' id='word_1_101' title='bbox 599 2800 630 2845; x_wconf 92' lang='lat' dir='ltr'><em>nt</em></span> <span class='ocrx_word' id='word_1_102' title='bbox 649 2792 778 2866; x_wconf 82' lang='lat' dir='ltr'><em>pellicem</em></span> <span class='ocrx_word' id='word_1_103' title='bbox 798 2796 893 2849; x_wconf 86' lang='lat' dir='ltr'><em>verita</em></span> <span class='ocrx_word' id='word_1_104' title='bbox 912 2801 941 2847; x_wconf 90' lang='lat' dir='ltr'><em>et</em></span> <span class='ocrx_word' id='word_1_105' title='bbox 960 2793 1099 2861; x_wconf 81' lang='lat' dir='ltr'><em>rivalem,</em></span> <span class='ocrx_word' id='word_1_106' title='bbox 1119 2796 1149 2848; x_wconf 87' lang='lat' dir='ltr'><em>in</em></span> <span class='ocrx_word' id='word_1_107' title='bbox 1168 2810 1270 2849; x_wconf 74' lang='lat' dir='ltr'><em>sanum</em></span> <span class='ocrx_word' id='word_1_108' title='bbox 1287 2786 1354 2844; x_wconf 74' lang='lat' dir='ltr'><em>illus</em></span> 
     </span>
     <span class='ocr_line' id='line_1_16' title="bbox 144 2882 1191 2959; baseline -0.001 -16"><span class='ocrx_word' id='word_1_109' title='bbox 144 2889 369 2950; x_wconf 76' lang='lat' dir='ltr'><em>transmutarit5</em></span> <span class='ocrx_word' id='word_1_110' title='bbox 389 2885 517 2959; x_wconf 83' lang='lat' dir='ltr'><em>quamuis</em></span> <span class='ocrx_word' id='word_1_111' title='bbox 539 2882 710 2940; x_wconf 72' lang='lat' dir='ltr'><em>Theocritus</em></span> <span class='ocrx_word' id='word_1_112' title='bbox 728 2886 808 2939; x_wconf 85' lang='lat' dir='ltr'><em>illum</em></span> <span class='ocrx_word' id='word_1_113' title='bbox 828 2903 928 2941; x_wconf 81' lang='lat' dir='ltr'><em>amore</em></span> <span class='ocrx_word' id='word_1_114' title='bbox 947 2886 1074 2945; x_wconf 77' lang='lat' dir='ltr'><em>tabuisse</em></span> <span class='ocrx_word' id='word_1_115' title='bbox 1093 2895 1191 2942; x_wconf 81' lang='lat' dir='ltr'><em>canat.</em></span> 
     </span>
    </p>

    <p class='ocr_par' dir='ltr' id='par_1_5' title="bbox 102 2972 1354 3143">
     <span class='ocr_line' id='line_1_17' title="bbox 102 2972 1354 3055; baseline -0.003 -22"><span class='ocrx_word' id='word_1_116' title='bbox 102 3042 106 3050; x_wconf 27' lang='lat'><em>4</em></span> <span class='ocrx_word' id='word_1_117' title='bbox 202 2985 266 3034; x_wconf 78' lang='lat'><em>28¹.</em></span> <span class='ocrx_word' id='word_1_118' title='bbox 287 2977 419 3035; x_wconf 74' lang='lat' dir='ltr'><em>Adamas.</em></span> <span class='ocrx_word' id='word_1_119' title='bbox 442 2976 527 3050; x_wconf 84' lang='lat' dir='ltr'><em>Quod</em></span> <span class='ocrx_word' id='word_1_120' title='bbox 545 2977 626 3033; x_wconf 84' lang='lat' dir='ltr'><em>Jouis</em></span> <span class='ocrx_word' id='word_1_121' title='bbox 652 2977 861 3035; x_wconf 83' lang='lat' dir='ltr'><em>mortalitatem</em></span> <span class='ocrx_word' id='word_1_122' title='bbox 886 2977 1065 3055; x_wconf 78' lang='lat' dir='ltr'><em>virigaverat</em></span> <span class='ocrx_word' id='word_1_123' title='bbox 1083 2981 1151 3036; x_wconf 89' lang='lat' dir='ltr'><em>olim</em></span> <span class='ocrx_word' id='word_1_124' title='bbox 1169 2980 1300 3037; x_wconf 82' lang='lat' dir='ltr'><em>nutritius</em></span> <span class='ocrx_word' id='word_1_125' title='bbox 1314 2972 1354 3029; x_wconf 79' lang='lat' dir='ltr'><em>lo·</em></span> 
     </span>
     <span class='ocr_line' id='line_1_18' title="bbox 143 3064 756 3143; baseline -0.003 -18"><span class='ocrx_word' id='word_1_126' title='bbox 143 3072 184 3126; x_wconf 81' lang='lat' dir='ltr'><em>vis</em></span> <span class='ocrx_word' id='word_1_127' title='bbox 195 3109 204 3135; x_wconf 86' lang='lat'><em>,</em></span> <span class='ocrx_word' id='word_1_128' title='bbox 223 3086 324 3141; x_wconf 78' lang='lat' dir='ltr'><em>nempe</em></span> <span class='ocrx_word' id='word_1_129' title='bbox 343 3085 416 3120; x_wconf 76' lang='lat' dir='ltr'><em>rinus</em></span> <span class='ocrx_word' id='word_1_130' title='bbox 437 3085 474 3122; x_wconf 77' lang='lat' dir='ltr'><em>es</em></span> <span class='ocrx_word' id='word_1_131' title='bbox 493 3064 593 3123; x_wconf 80' lang='lat' dir='ltr'><em>Idaeis</em></span> <span class='ocrx_word' id='word_1_132' title='bbox 613 3070 756 3143; x_wconf 71' lang='lat' dir='ltr'><em>Dactylis.</em></span> 
     </span>
    </p>

    <p class='ocr_par' dir='ltr' id='par_1_6' title="bbox 142 3156 1354 3325">
     <span class='ocr_line' id='line_1_19' title="bbox 203 3156 1354 3236; baseline -0.003 -25"><span class='ocrx_word' id='word_1_133' title='bbox 203 3161 266 3212; x_wconf 80' lang='lat'><strong>283.</strong></span> <span class='ocrx_word' id='word_1_134' title='bbox 286 3159 406 3212; x_wconf 78' lang='lat' dir='ltr'><em>Crocon.</em></span> <span class='ocrx_word' id='word_1_135' title='bbox 419 3160 529 3211; x_wconf 84' lang='lat' dir='ltr'><em>Crocon</em></span> <span class='ocrx_word' id='word_1_136' title='bbox 550 3156 759 3214; x_wconf 79' lang='lat' dir='ltr'><em>adolescentem</em></span> <span class='ocrx_word' id='word_1_137' title='bbox 786 3161 893 3213; x_wconf 81' lang='lat' dir='ltr'><em>amavit</em></span> <span class='ocrx_word' id='word_1_138' title='bbox 913 3159 1028 3214; x_wconf 76' lang='lat' dir='ltr'><em>Smilax</em></span> <span class='ocrx_word' id='word_1_139' title='bbox 1039 3199 1049 3226; x_wconf 88' lang='lat'><em>,</em></span> <span class='ocrx_word' id='word_1_140' title='bbox 1067 3179 1125 3236; x_wconf 82' lang='lat' dir='ltr'><em>quo</em></span> <span class='ocrx_word' id='word_1_141' title='bbox 1149 3177 1214 3215; x_wconf 87' lang='lat' dir='ltr'><em>cnm</em></span> <span class='ocrx_word' id='word_1_142' title='bbox 1228 3156 1354 3234; x_wconf 73' lang='lat' dir='ltr'><em>scnium</em></span> 
     </span>
     <span class='ocr_line' id='line_1_20' title="bbox 142 3245 1127 3325; baseline 0.005 -24"><span class='ocrx_word' id='word_1_143' title='bbox 142 3256 260 3323; x_wconf 83' lang='lat' dir='ltr'><em>posset,</em></span> <span class='ocrx_word' id='word_1_144' title='bbox 279 3247 362 3300; x_wconf 84' lang='lat' dir='ltr'><em>ambo</em></span> <span class='ocrx_word' id='word_1_145' title='bbox 381 3248 410 3300; x_wconf 87' lang='lat' dir='ltr'><em>in</em></span> <span class='ocrx_word' id='word_1_146' title='bbox 422 3245 518 3319; x_wconf 78' lang='lat' dir='ltr'><em>stores</em></span> <span class='ocrx_word' id='word_1_147' title='bbox 539 3249 668 3303; x_wconf 82' lang='lat' dir='ltr'><em>conuersi</em></span> <span class='ocrx_word' id='word_1_148' title='bbox 685 3249 848 3304; x_wconf 75' lang='lat' dir='ltr'><em>sunl.Plin.</em></span> <span class='ocrx_word' id='word_1_149' title='bbox 868 3249 915 3305; x_wconf 77' lang='lat' dir='ltr'><em>lib.</em></span> <span class='ocrx_word' id='word_1_150' title='bbox 941 3254 1059 3325; x_wconf 79' lang='lat' dir='ltr'><em>16.cnp.</em></span> <span class='ocrx_word' id='word_1_151' title='bbox 1081 3253 1127 3306; x_wconf 75' lang='lat'><em>35.</em></span> 
     </span>
    </p>

    <p class='ocr_par' dir='ltr' id='par_1_7' title="bbox 72 3336 1354 4424">
     <span class='ocr_line' id='line_1_21' title="bbox 201 3336 1354 3417; baseline 0.002 -24"><span class='ocrx_word' id='word_1_152' title='bbox 201 3336 270 3393; x_wconf 80' lang='lat' dir='ltr'><em>Feb.</em></span> <span class='ocrx_word' id='word_1_153' title='bbox 291 3338 344 3392; x_wconf 84' lang='lat' dir='ltr'><em>lx.</em></span> <span class='ocrx_word' id='word_1_154' title='bbox 366 3339 433 3413; x_wconf 78' lang='lat' dir='ltr'><em>Arg.</em></span> <span class='ocrx_word' id='word_1_155' title='bbox 458 3341 631 3406; x_wconf 88' lang='lat' dir='ltr'><em>Praetereo,</em></span> <span class='ocrx_word' id='word_1_156' title='bbox 650 3349 705 3395; x_wconf 84' lang='lat' dir='ltr'><em>etc.</em></span> <span class='ocrx_word' id='word_1_157' title='bbox 724 3339 882 3398; x_wconf 83' lang='lat' dir='ltr'><em>Mercurius</em></span> <span class='ocrx_word' id='word_1_158' title='bbox 907 3361 973 3397; x_wconf 87' lang='lat' dir='ltr'><em>cum</em></span> <span class='ocrx_word' id='word_1_159' title='bbox 994 3360 1029 3397; x_wconf 83' lang='lat' dir='ltr'><em>ex</em></span> <span class='ocrx_word' id='word_1_160' title='bbox 1049 3344 1163 3399; x_wconf 85' lang='lat' dir='ltr'><em>Venere</em></span> <span class='ocrx_word' id='word_1_161' title='bbox 1182 3336 1354 3417; x_wconf 65' lang='lat' dir='ltr'><em>nemphro-</em></span> 
     </span>
     <span class='ocr_line' id='line_1_22' title="bbox 142 3424 1354 3511; baseline -0.001 -25"><span class='ocrx_word' id='word_1_162' title='bbox 142 3431 234 3487; x_wconf 77' lang='lat' dir='ltr'><em>dilum</em></span> <span class='ocrx_word' id='word_1_163' title='bbox 253 3429 480 3486; x_wconf 81' lang='lat' dir='ltr'><em>formosissimum</em></span> <span class='ocrx_word' id='word_1_164' title='bbox 501 3428 710 3489; x_wconf 76' lang='lat' dir='ltr'><em>adolescentem</em></span> <span class='ocrx_word' id='word_1_165' title='bbox 731 3432 885 3509; x_wconf 78' lang='lat' dir='ltr'><em>genuisset,</em></span> <span class='ocrx_word' id='word_1_166' title='bbox 906 3452 1029 3509; x_wconf 87' lang='lat' dir='ltr'><em>eumque</em></span> <span class='ocrx_word' id='word_1_167' title='bbox 1051 3434 1177 3491; x_wconf 79' lang='lat' dir='ltr'><em>Nn&#39;ierles</em></span> <span class='ocrx_word' id='word_1_168' title='bbox 1194 3432 1315 3511; x_wconf 81' lang='lat' dir='ltr'><em>nimphse</em></span> <span class='ocrx_word' id='word_1_169' title='bbox 1329 3424 1354 3479; x_wconf 73' lang='lat' dir='ltr'><em>iu</em></span> 
     </span>
     <span class='ocr_line' id='line_1_23' title="bbox 143 3516 1354 3596; baseline -0.001 -16"><span class='ocrx_word' id='word_1_170' title='bbox 143 3523 194 3580; x_wconf 72' lang='lat' dir='ltr'><em>ld·</em></span> <span class='ocrx_word' id='word_1_171' title='bbox 223 3535 319 3578; x_wconf 79' lang='lat' dir='ltr'><em>monte</em></span> <span class='ocrx_word' id='word_1_172' title='bbox 347 3522 567 3590; x_wconf 76' lang='lat' dir='ltr'><em>erlueavissent,</em></span> <span class='ocrx_word' id='word_1_173' title='bbox 593 3525 700 3583; x_wconf 77' lang='lat' dir='ltr'><em>relictis</em></span> <span class='ocrx_word' id='word_1_174' title='bbox 729 3525 844 3582; x_wconf 86' lang='lat' dir='ltr'><em>sedibus</em></span> <span class='ocrx_word' id='word_1_175' title='bbox 880 3525 910 3583; x_wconf 89' lang='lat' dir='ltr'><em>in</em></span> <span class='ocrx_word' id='word_1_176' title='bbox 931 3527 1042 3583; x_wconf 80' lang='lat' dir='ltr'><em>Cariam</em></span> <span class='ocrx_word' id='word_1_177' title='bbox 1078 3528 1164 3585; x_wconf 76' lang='lat' dir='ltr'><em>veuit.</em></span> <span class='ocrx_word' id='word_1_178' title='bbox 1184 3530 1240 3585; x_wconf 84' lang='lat' dir='ltr'><em>Hic</em></span> <span class='ocrx_word' id='word_1_179' title='bbox 1262 3516 1354 3596; x_wconf 75' lang='lat' dir='ltr'><em>conspi-</em></span> 
     </span>
     <span class='ocr_line' id='line_1_24' title="bbox 143 3614 1351 3695; baseline 0.002 -22"><span class='ocrx_word' id='word_1_180' title='bbox 143 3626 208 3673; x_wconf 84' lang='lat' dir='ltr'><em>eeto</em></span> <span class='ocrx_word' id='word_1_181' title='bbox 226 3615 306 3670; x_wconf 83' lang='lat' dir='ltr'><em>sonte</em></span> <span class='ocrx_word' id='word_1_182' title='bbox 330 3616 487 3692; x_wconf 73' lang='lat' dir='ltr'><em>opacissimi</em></span> <span class='ocrx_word' id='word_1_183' title='bbox 507 3614 599 3684; x_wconf 88' lang='lat' dir='ltr'><em>Solis,</em></span> <span class='ocrx_word' id='word_1_184' title='bbox 619 3635 652 3672; x_wconf 81' lang='lat' dir='ltr'><em>ec</em></span> <span class='ocrx_word' id='word_1_185' title='bbox 672 3617 848 3695; x_wconf 80' lang='lat' dir='ltr'><em>perlucentis</em></span> <span class='ocrx_word' id='word_1_186' title='bbox 866 3639 973 3695; x_wconf 77' lang='lat' dir='ltr'><em>equae,</em></span> <span class='ocrx_word' id='word_1_187' title='bbox 993 3641 1108 3677; x_wconf 85' lang='lat' dir='ltr'><em>cursum</em></span> <span class='ocrx_word' id='word_1_188' title='bbox 1133 3621 1288 3685; x_wconf 78' lang='lat' dir='ltr'><em>continuit.</em></span> <span class='ocrx_word' id='word_1_189' title='bbox 1305 3628 1351 3691; x_wconf 75' lang='lat' dir='ltr'><em>q1¹⁰</em></span> 
     </span>
     <span class='ocr_line' id='line_1_25' title="bbox 72 3705 1353 3791; baseline 0.003 -28"><span class='ocrx_word' id='word_1_190' title='bbox 72 3757 76 3763; x_wconf 93' lang='lat'>.</span> <span class='ocrx_word' id='word_1_191' title='bbox 145 3707 252 3764; x_wconf 74' lang='lat' dir='ltr'><em>(liutius</em></span> <span class='ocrx_word' id='word_1_192' title='bbox 271 3727 305 3762; x_wconf 88' lang='lat' dir='ltr'><em>eo</em></span> <span class='ocrx_word' id='word_1_193' title='bbox 324 3705 387 3763; x_wconf 88' lang='lat' dir='ltr'><em>loco</em></span> <span class='ocrx_word' id='word_1_194' title='bbox 401 3721 541 3774; x_wconf 82' lang='lat' dir='ltr'><em>morante,</em></span> <span class='ocrx_word' id='word_1_195' title='bbox 561 3708 697 3767; x_wconf 73' lang='lat' dir='ltr'><em>Salmacis</em></span> <span class='ocrx_word' id='word_1_196' title='bbox 709 3708 873 3778; x_wconf 76' lang='lat' dir='ltr'><em>Naiadum,</em></span> <span class='ocrx_word' id='word_1_197' title='bbox 893 3712 961 3767; x_wconf 86' lang='lat' dir='ltr'><em>dum</em></span> <span class='ocrx_word' id='word_1_198' title='bbox 983 3713 1067 3771; x_wconf 85' lang='lat' dir='ltr'><em>liores</em></span> <span class='ocrx_word' id='word_1_199' title='bbox 1087 3712 1171 3791; x_wconf 74' lang='lat' dir='ltr'><em>legit,</em></span> <span class='ocrx_word' id='word_1_200' title='bbox 1191 3720 1353 3790; x_wconf 77' lang='lat' dir='ltr'><em>conspectum</em></span> 
     </span>
     <span class='ocr_line' id='line_1_26' title="bbox 145 3792 1353 3878; baseline -0.002 -27"><span class='ocrx_word' id='word_1_201' title='bbox 145 3796 220 3855; x_wconf 87' lang='lat' dir='ltr'><em>illico</em></span> <span class='ocrx_word' id='word_1_202' title='bbox 240 3796 356 3874; x_wconf 80' lang='lat' dir='ltr'><em>diligere</em></span> <span class='ocrx_word' id='word_1_203' title='bbox 375 3796 482 3874; x_wconf 76' lang='lat' dir='ltr'><em>caepit,</em></span> <span class='ocrx_word' id='word_1_204' title='bbox 513 3798 563 3874; x_wconf 88' lang='lat' dir='ltr'><em>qui</em></span> <span class='ocrx_word' id='word_1_205' title='bbox 594 3797 668 3855; x_wconf 80' lang='lat' dir='ltr'><em>circa</em></span> <span class='ocrx_word' id='word_1_206' title='bbox 689 3798 799 3856; x_wconf 81' lang='lat' dir='ltr'><em>iontem</em></span> <span class='ocrx_word' id='word_1_207' title='bbox 821 3800 965 3878; x_wconf 78' lang='lat' dir='ltr'><em>paululum</em></span> <span class='ocrx_word' id='word_1_208' title='bbox 987 3816 1129 3869; x_wconf 78' lang='lat' dir='ltr'><em>rnorelus,</em></span> <span class='ocrx_word' id='word_1_209' title='bbox 1148 3802 1217 3861; x_wconf 87' lang='lat' dir='ltr'><em>dum</em></span> <span class='ocrx_word' id='word_1_210' title='bbox 1236 3792 1353 3860; x_wconf 74' lang='lat' dir='ltr'><em>blanditis</em></span> 
     </span>
     <span class='ocr_line' id='line_1_27' title="bbox 143 3885 1353 3966; baseline 0.002 -24"><span class='ocrx_word' id='word_1_211' title='bbox 143 3885 282 3961; x_wconf 83' lang='lat' dir='ltr'><em>liquoris,</em></span> <span class='ocrx_word' id='word_1_212' title='bbox 302 3886 489 3963; x_wconf 82' lang='lat' dir='ltr'><em>precibusque</em></span> <span class='ocrx_word' id='word_1_213' title='bbox 517 3900 632 3946; x_wconf 79' lang='lat' dir='ltr'><em>tenetur</em></span> <span class='ocrx_word' id='word_1_214' title='bbox 659 3890 823 3966; x_wconf 69' lang='lat' dir='ltr'><em>nymphae,</em></span> <span class='ocrx_word' id='word_1_215' title='bbox 848 3892 928 3948; x_wconf 73' lang='lat' dir='ltr'><em>sonte</em></span> <span class='ocrx_word' id='word_1_216' title='bbox 958 3912 990 3950; x_wconf 87' lang='lat' dir='ltr'><em>se</em></span> <span class='ocrx_word' id='word_1_217' title='bbox 1023 3895 1135 3962; x_wconf 79' lang='lat' dir='ltr'><em>nsersit,</em></span> <span class='ocrx_word' id='word_1_218' title='bbox 1167 3916 1199 3952; x_wconf 80' lang='lat' dir='ltr'><em>ac</em></span> <span class='ocrx_word' id='word_1_219' title='bbox 1223 3885 1353 3951; x_wconf 73' lang='lat' dir='ltr'><em>confestim</em></span> 
     </span>
     <span class='ocr_line' id='line_1_28' title="bbox 144 3974 1354 4063; baseline 0.006 -29"><span class='ocrx_word' id='word_1_220' title='bbox 144 3976 339 4054; x_wconf 82' lang='lat' dir='ltr'><em>complexibus</em></span> <span class='ocrx_word' id='word_1_221' title='bbox 358 3979 429 4033; x_wconf 79' lang='lat' dir='ltr'><em>Nais</em></span> <span class='ocrx_word' id='word_1_222' title='bbox 460 3977 604 4048; x_wconf 80' lang='lat' dir='ltr'><em>inhaesit,</em></span> <span class='ocrx_word' id='word_1_223' title='bbox 634 4000 689 4038; x_wconf 86' lang='lat' dir='ltr'><em>nee</em></span> <span class='ocrx_word' id='word_1_224' title='bbox 719 3992 786 4037; x_wconf 75' lang='lat' dir='ltr'><em>onie</em></span> <span class='ocrx_word' id='word_1_225' title='bbox 805 3981 843 4038; x_wconf 83' lang='lat' dir='ltr'><em>eb</em></span> <span class='ocrx_word' id='word_1_226' title='bbox 861 4002 895 4039; x_wconf 81' lang='lat' dir='ltr'><em>ee</em></span> <span class='ocrx_word' id='word_1_227' title='bbox 917 3982 1050 4043; x_wconf 84' lang='lat' dir='ltr'><em>dimissus</em></span> <span class='ocrx_word' id='word_1_228' title='bbox 1080 4000 1142 4054; x_wconf 83' lang='lat' dir='ltr'><em>est,</em></span> <span class='ocrx_word' id='word_1_229' title='bbox 1172 3974 1354 4063; x_wconf 65' lang='lat' dir='ltr'><em>quemeliiss</em></span> 
     </span>
     <span class='ocr_line' id='line_1_29' title="bbox 142 4068 1354 4155; baseline 0.007 -30"><span class='ocrx_word' id='word_1_230' title='bbox 142 4070 335 4145; x_wconf 78' lang='lat' dir='ltr'><em>inipelrasset,</em></span> <span class='ocrx_word' id='word_1_231' title='bbox 356 4068 385 4126; x_wconf 87' lang='lat' dir='ltr'><em>in</em></span> <span class='ocrx_word' id='word_1_232' title='bbox 406 4089 491 4124; x_wconf 79' lang='lat' dir='ltr'><em>unam</em></span> <span class='ocrx_word' id='word_1_233' title='bbox 512 4082 542 4127; x_wconf 81' lang='lat' dir='ltr'><em>ut</em></span> <span class='ocrx_word' id='word_1_234' title='bbox 561 4073 698 4131; x_wconf 79' lang='lat' dir='ltr'><em>cederent</em></span> <span class='ocrx_word' id='word_1_235' title='bbox 716 4071 856 4152; x_wconf 83' lang='lat' dir='ltr'><em>speciem:</em></span> <span class='ocrx_word' id='word_1_236' title='bbox 880 4077 945 4132; x_wconf 77' lang='lat' dir='ltr'><em>datu</em></span> <span class='ocrx_word' id='word_1_237' title='bbox 966 4078 1062 4154; x_wconf 77' lang='lat' dir='ltr'><em>itaque</em></span> <span class='ocrx_word' id='word_1_238' title='bbox 1084 4081 1165 4139; x_wconf 76' lang='lat' dir='ltr'><em>venia</em></span> <span class='ocrx_word' id='word_1_239' title='bbox 1184 4074 1354 4155; x_wconf 74' lang='lat' dir='ltr'><em>Hennaphu·</em></span> 
     </span>
     <span class='ocr_line' id='line_1_30' title="bbox 143 4163 1354 4245; baseline 0.007 -24"><span class='ocrx_word' id='word_1_240' title='bbox 143 4163 221 4221; x_wconf 79' lang='lat' dir='ltr'><em>ditus</em></span> <span class='ocrx_word' id='word_1_241' title='bbox 240 4175 389 4239; x_wconf 82' lang='lat' dir='ltr'><em>postquem</em></span> <span class='ocrx_word' id='word_1_242' title='bbox 413 4181 443 4218; x_wconf 86' lang='lat' dir='ltr'><em>se</em></span> <span class='ocrx_word' id='word_1_243' title='bbox 475 4163 672 4224; x_wconf 77' lang='lat' dir='ltr'><em>animadvertit</em></span> <span class='ocrx_word' id='word_1_244' title='bbox 692 4188 746 4224; x_wconf 89' lang='lat' dir='ltr'><em>nec</em></span> <span class='ocrx_word' id='word_1_245' title='bbox 767 4168 875 4236; x_wconf 86' lang='lat' dir='ltr'><em>virum,</em></span> <span class='ocrx_word' id='word_1_246' title='bbox 902 4190 956 4227; x_wconf 85' lang='lat' dir='ltr'><em>nec</em></span> <span class='ocrx_word' id='word_1_247' title='bbox 976 4171 1111 4230; x_wconf 77' lang='lat' dir='ltr'><em>seminam</em></span> <span class='ocrx_word' id='word_1_248' title='bbox 1135 4174 1293 4241; x_wconf 76' lang='lat' dir='ltr'><em>iaetusn,e</em></span> <span class='ocrx_word' id='word_1_249' title='bbox 1320 4184 1354 4245; x_wconf 66' lang='lat' dir='ltr'><em>pfl·</em></span> 
     </span>
     <span class='ocr_line' id='line_1_31' title="bbox 143 4251 1354 4341; baseline 0.005 -31"><span class='ocrx_word' id='word_1_250' title='bbox 143 4253 271 4311; x_wconf 74' lang='lat' dir='ltr'><em>rentibus</em></span> <span class='ocrx_word' id='word_1_251' title='bbox 294 4251 478 4328; x_wconf 79' lang='lat' dir='ltr'><em>irupelravit,</em></span> <span class='ocrx_word' id='word_1_252' title='bbox 511 4273 547 4308; x_wconf 89' lang='lat' dir='ltr'><em>ne</em></span> <span class='ocrx_word' id='word_1_253' title='bbox 572 4254 686 4313; x_wconf 74' lang='lat' dir='ltr'><em>ieiuniis</em></span> <span class='ocrx_word' id='word_1_254' title='bbox 717 4255 793 4314; x_wconf 84' lang='lat' dir='ltr'><em>solus</em></span> <span class='ocrx_word' id='word_1_255' title='bbox 824 4272 921 4325; x_wconf 86' lang='lat' dir='ltr'><em>esset,</em></span> <span class='ocrx_word' id='word_1_256' title='bbox 942 4274 973 4318; x_wconf 90' lang='lat' dir='ltr'><em>ut</em></span> <span class='ocrx_word' id='word_1_257' title='bbox 993 4262 1168 4340; x_wconf 80' lang='lat' dir='ltr'><em>quicumque</em></span> <span class='ocrx_word' id='word_1_258' title='bbox 1191 4266 1253 4341; x_wconf 82' lang='lat' dir='ltr'><em>ejus</em></span> <span class='ocrx_word' id='word_1_259' title='bbox 1282 4253 1354 4317; x_wconf 63' lang='lat' dir='ltr'><em>sonlss</em></span> 
     </span>
     <span class='ocr_line' id='line_1_32' title="bbox 141 4342 992 4424; baseline 0.011 -23"><span class='ocrx_word' id='word_1_260' title='bbox 141 4364 214 4421; x_wconf 82' lang='lat' dir='ltr'><em>nque</em></span> <span class='ocrx_word' id='word_1_261' title='bbox 233 4355 382 4401; x_wconf 75' lang='lat' dir='ltr'><em>contectus</em></span> <span class='ocrx_word' id='word_1_262' title='bbox 400 4355 494 4410; x_wconf 81' lang='lat' dir='ltr'><em>esset,</em></span> <span class='ocrx_word' id='word_1_263' title='bbox 515 4342 631 4419; x_wconf 79' lang='lat' dir='ltr'><em>perinde</em></span> <span class='ocrx_word' id='word_1_264' title='bbox 651 4358 683 4403; x_wconf 79' lang='lat' dir='ltr'><em>nt</em></span> <span class='ocrx_word' id='word_1_265' title='bbox 703 4347 785 4424; x_wconf 78' lang='lat' dir='ltr'><em>ipse,</em></span> <span class='ocrx_word' id='word_1_266' title='bbox 805 4349 992 4410; x_wconf 74' lang='lat' dir='ltr'><em>mollesceret.</em></span> 
     </span>
    </p>
   </div>
   <div class='ocr_carea' id='block_1_4' title="bbox 0 0 1520 5168">
    <p class='ocr_par' dir='ltr' id='par_1_8' title="bbox 0 0 1520 5168">
     <span class='ocr_line' id='line_1_33' title="bbox 0 0 1520 5168; baseline 0 0"><span class='ocrx_word' id='word_1_267' title='bbox 0 0 1520 5168; x_wconf 95' lang='lat' dir='ltr'><em> </em></span> 
     </span>
    </p>
   </div>
  </div>
 </body>
</html>
