3030 5168
339 216 418 271 212
670 216 705 277 P.
726 217 853 276 OVIDss
871 215 1036 279 NASONIS

256 330 319 419 Et
337 364 414 416 cur
428 335 564 419 vincla
579 364 717 450 geras.
744 336 887 423 Primo
905 338 999 421 silet
1017 335 1113 421 illa:
1132 360 1209 415 nec
1226 328 1356 413 audet

259 448 487 558 Appellare
504 450 641 531 virum
661 450 795 563 virgo.-
814 451 1004 532 manibus
1033 480 1083 530 ue
1100 443 1308 529 modestos
1382 436 1454 525 681

263 559 446 644 Colosset
465 560 625 659 vultus;
644 562 684 643 si
700 590 785 644 non
802 561 983 674 religata
992 480 1158 670 luisset.

259 673 465 769 Lumina,
485 671 601 784 quod
609 677 761 782 potuit,
780 674 983 784 lacrymis
999 670 1181 782 implerit
1198 666 1365 752 obortis.

262 785 436 892 Saepius
456 785 649 877 instanti,
669 816 746 868 sua
764 816 816 867 ne
834 785 992 868 delicta
1000 784 1137 894 fateri

261 895 386 981 Nolle
405 895 630 989 videretur,
648 927 795 980 nomen
814 915 1025 1010 terraeque
1043 923 1262 1006 suumque,
1388 884 1464 972 685

266 1009 518 1120 Quantaque
535 1024 745 1091 maternae
753 1010 1072 1118 sueritfidncia
1082 1009 1275 1116 sannae,

263 1117 445 1203 Indicat.
465 1118 546 1229 Et,
565 1120 749 1203 nondum
766 1124 992 1205 numeratis
1010 1121 1216 1215 omnibus,
1234 1113 1352 1199 unda

264 1232 478 1318 Insonuit:
496 1233 738 1346 veniensque
756 1236 953 1317 immenso
970 1234 1107 1316 bellua
1121 1246 1251 1342 ponto

265 1340 437 1427 Eminet
444 1382 458 1442 ,·
475 1360 515 1425 et
534 1343 665 1427 latum
683 1348 758 1430 sub
771 1364 937 1457 pectore
949 1342 1137 1458 possidet
1154 1369 1322 1454 aequor.

271 1454 516 1539 Conclamat
534 1459 651 1570 virgo
666 1502 678 1546 .-
694 1461 861 1571 genitor
876 1458 1083 1572 lugubris,
1101 1472 1141 1537 et
1158 1481 1304 1537 amens
1390 1444 1466 1561 690

266 1565 414 1653 Mater
427 1566 567 1668 adesa
584 1572 704 1654 ambo
721 1572 880 1664 miseri,
899 1572 979 1655 sed
986 1569 1144 1682 justius
1161 1568 1250 1650 itta.

267 1678 361 1764 Nec
378 1708 516 1765 secum
533 1684 770 1778 auxilium,
789 1682 867 1766 sed
881 1681 1036 1797 dignos
1055 1676 1391 1794 temporefletus,

265 1790 758 1907 Plangoremqueferunt.·
771 1797 986 1904 vinctoque
997 1799 1044 1879 in
1055 1822 1225 1904 corpore
1236 1789 1469 1874 adhaerent.

271 1901 408 2009 Quum
426 1907 490 1989 sic
507 1908 653 2017 ltospes
671 1909 746 1990 ait:
765 1908 1072 2017 Lacrymarum
1088 1907 1219 2018 longa
1230 1929 1395 1988 martem

269 2014 472 2127 Tempora
498 2048 569 2104 vos
589 2020 810 2132 poterant.-
834 2020 895 2106 aa
915 2050 1031 2133 opem
1052 2020 1184 2106 brevis
1205 2018 1308 2102 liora
1327 2015 1465 2125 feren·

411 2128 510 2212 dam
527 2149 602 2215 est.
1180 2236 1188 2246 .
1395 2117 1466 2237 695

322 3734 377 3788 688
397 3727 504 3785 Bellus.
524 3728 643 3786 aetnae
661 3729 748 3806 hujus
767 3747 835 3786 ossa
854 3734 972 3809 Romam
992 3750 1029 3787 ex
1050 3721 1158 3805 oppido
1177 3729 1313 3787 Iudaeae
1339 3729 1426 3801 loppa
1440 3717 1472 3775 tl

268 3821 332 3878 lata
351 3820 475 3877 ostendit
495 3822 538 3875 Μ.
557 3824 694 3889 Scaurus,
714 3821 895 3897 longitudine
914 3822 1019 3897 pedum
1044 3828 1088 3894 40.
1109 3821 1263 3877 altitudine
1281 3826 1418 3876 costarum
1437 3813 1472 3865 lt·

269 3910 350 3970 dicos
368 3914 534 3988 elephantes
556 3912 715 3970 excedente
750 3916 851 3989 spinae
869 3914 1059 3972 crassitudine
1077 3914 1279 3991 sesquipedali.
1300 3911 1373 3967 Plus.
1392 3906 1474 3973 ttae

270 4021 334 4078 cap.
359 4009 384 4059 5.
403 4003 493 4059 Solia.
516 4022 581 4077 cap.
603 4006 646 4056 36·

327 4101 381 4169 690
401 4098 435 4152 Et
455 4115 510 4152 una
542 4107 632 4151 snuter
651 4094 738 4153 adest.
758 4099 794 4154 Et
814 4117 910 4154 amens
929 4101 1037 4173 primus
1057 4099 1145 4154 Basil.
1167 4108 1195 4153 et
1215 4107 1339 4174 quatuor
1355 4091 1404 4147 alii
1428 4100 1474 4142 ret·

270 4186 348 4244 ttae:
368 4187 421 4241 hoc
440 4196 482 4242 est
501 4194 689 4242 consternata
708 4191 772 4244 sine
791 4198 892 4245 mente.
911 4191 994 4245 Fast.
1014 4212 1054 4244 ιν.

325 4278 475 4341 &coitur
493 4296 595 4337 somno
615 4275 701 4335 stulte
720 4282 764 4356 pis
786 4296 898 4353 mater,
918 4295 1086 4350 ecstaseos,
1106 4279 1182 4352 Quid
1202 4279 1295 4336 sucis?
1313 4272 1447 4331 exclusust.
1472 4288 1475 4295 ¹
