3030 5168
333 216 418 326 3¹4
670 237 1045 304 movmusssosts

247 356 401 459 Ludit,
418 374 460 440 et
476 372 553 440 aut
568 355 732 451 violas,
750 372 825 438 aut
842 352 1033 439 eandida
1051 354 1145 439 lilia
1163 359 1304 470 carpit
1309 400 1324 459 ,-

246 470 444 584 Dumque
456 470 641 582 puellari
655 467 796 552 studio
813 469 1085 582 calathosque
1102 470 1324 584 sinumque

246 584 416 695 Implet,
434 600 474 666 et
491 582 688 694 aequales
705 596 839 664 certat
856 608 1049 693 superare
1068 583 1267 697 legendo,

247 696 391 780 Paene
407 696 536 779 simul
548 697 647 778 visa
665 710 747 794 est,
765 691 1020 804 dilectaque,
1038 712 1240 808 raptaque
1258 695 1459 812 Ditis395

252 808 395 921 Usque
412 807 519 893 adeo
532 823 779 919 properatur
793 835 920 889 amor.
939 805 1037 889 Dea
1054 809 1200 891 territa
1217 829 1375 895 moesto

244 920 309 1005 Et
326 939 518 1016 matrem,
537 937 577 1003 et
595 920 784 1013 comites,
801 918 881 1003 sed
894 935 1065 1001 murem
1084 922 1273 1031 saepius,
1291 952 1363 1008 ore

246 1032 412 1119 Clamat
426 1076 440 1135 ;
457 1051 515 1130 et,
534 1050 580 1116 ut
595 1034 760 1117 summd
778 1048 936 1115 vestem
955 1031 1142 1116 laniarat
1159 1037 1213 1117 ab
1231 1045 1328 1138 orci,

246 1144 425 1232 Collecti
424 1147 563 1264 flores
582 1145 739 1228 tunicis
759 1141 948 1229 cecidere
965 1147 1161 1232 remissis.

240 1260 460 1374 Tantaque
475 1257 724 1372 simplicitas
735 1255 965 1368 puerilibus
981 1255 1125 1368 adfuit
1141 1261 1291 1350 anuis:
1370 1271 1449 1373 400

240 1373 361 1458 Haec
377 1402 538 1488 quoque
554 1371 791 1484 virgineum
808 1369 932 1453 morit
939 1368 1114 1481 jactura
1132 1370 1332 1458 dolorem.

241 1485 400 1600 Raptor
415 1487 509 1601 agit
526 1510 699 1578 cumas,
717 1498 758 1566 et
774 1482 941 1567 nominc
958 1510 1158 1595 quemque
1174 1504 1357 1572 vocatos

280 3611 342 3682 397.
363 3607 496 3666 Comites.
515 3612 626 3665 Earum
645 3611 761 3665 uomina
781 3607 869 3666 lsabes
888 3608 970 3684 apud
990 3609 1190 3679 Pausaniam,
1209 3630 1250 3668 et
1269 3613 1405 3680 Homero,
1423 3611 1447 3666 itt

221 3704 419 3759 Messeniacts.

281 3801 345 3867 ἀοι.
365 3796 443 3850 Haec
465 3811 579 3869 quoquo
598 3795 718 3870 jactura.
740 3796 816 3869 Quia
836 3797 975 3850 amiserat
986 3794 1090 3868 flores.

278 3890 332 3957 qna
353 3887 512 3960 Quemque.
532 3885 756 3957 Oroplmaeum,
783 3885 930 3951 AEtltoua,
962 3887 1097 3959 Nyctea,
1123 3886 1276 3944 Alastora.
1301 3886 1446 3944 Claudias.

220 3999 244 4034 s.
265 3978 301 4034 de
313 3988 400 4051 raptu
414 3979 626 4052 Proserpinae,
645 3981 696 4036 sub
716 3980 796 4033 exitu
810 3979 884 4034 libri.
900 3980 933 4036 Et
954 3977 1066 4036 nomine
1086 3998 1229 4056 quemque
1248 3981 1385 4038 vocando.
1397 3978 1447 4038 No·

217 4072 295 4125 mirra
315 4087 451 4145 equorum
472 4071 604 4125 Plutonis
623 4091 642 4123 a
664 4068 828 4125 Claudiano
848 4080 1031 4129 recensentur
1050 4071 1093 4126 lu's
1114 4073 1244 4128 versibus

273 4160 465 4239 Orphnaeus,
485 4161 600 4218 crudele
621 4161 752 4229 micans,
771 4160 935 4239 AEthonque
955 4163 1058 4240 sagitta

274 4256 394 4332 Ocyos,
413 4268 441 4312 et
461 4255 566 4333 Stygiis
585 4254 707 4312 crudelis
727 4254 815 4332 glori·
834 4258 970 4332 Nycteus.

277 4345 411 4406 Armenii
431 4346 562 4422 Ditisque
582 4358 648 4403 not·
667 4346 793 4425 signatus
812 4346 936 4405 Alassos.
