3030 5168
234 241 316 301 222
567 242 602 303 Ρ.
622 241 752 303 ovum
768 239 932 303 essone

144 359 308 442 Littora
326 388 421 443 cum
433 359 590 470 plausu
606 360 768 443 clamor
781 385 1032 471 superasque
1050 355 1235 439 Deorum

144 473 363 581 Implevire
380 470 538 557 domos.
559 469 777 571 Gaudent,
793 500 1070 586 generumque
1094 461 1313 558 salutant,

143 583 452 696 Auxiliumqne
469 582 619 668 dom'hs
636 602 959 696 servatoremque
977 586 1174 694 fatentur
1278 574 1366 690 736

149 693 374 804 Cassiope,
397 695 659 809 Cepheusque
673 716 805 807 pater.
823 699 1020 781 Resohetu
1038 695 1200 779 catenis

145 807 311 890 Incedit
329 811 444 923 virgo
457 813 714 921 pretiumque
732 827 772 893 et
789 838 944 893 caussa
964 811 1131 892 laboris.

144 920 239 1030 Ipse
256 951 404 1002 manus
422 923 577 1031 hausta‘
595 923 796 1006 victrices
813 924 946 1006 abluit
964 921 1085 1006 unda'
1095 963 1107 1008 .·

143 1032 508 1145 Anguiferumque
525 1051 651 1146 caput
668 1033 789 1120 nudd
809 1066 861 1118 ne
879 1035 1021 1118 laedat
1039 1033 1171 1116 arensi
1180 1093 1193 1126 ,
1285 1040 1370 1144 740

143 1143 290 1226 Mollit
308 1148 474 1228 humum
482 1147 626 1257 foliis.-
644 1165 848 1261 natasque
865 1151 941 1232 sub
959 1176 1137 1256 aequore
1157 1145 1301 1257 virgas

143 1254 324 1353 Sternit,
341 1276 382 1342 et
397 1259 571 1371 inponit
588 1258 885 1372 Phorcynidos
903 1289 978 1345 om
996 1257 1235 1345 Medusae,

148 1369 283 1483 Virga
300 1398 469 1465 recens,
487 1370 710 1485 bibuldque
727 1374 954 1457 etiamnum
972 1373 1063 1458 oioa
1080 1367 1291 1462 medolici,

150 1480 247 1568 Vim
266 1487 405 1594 rapuit
421 1485 615 1580 monstri,
633 1500 829 1598 tactuque
846 1484 1035 1569 induruit
1055 1485 1200 1597 hujus.-

143 1592 414 1709 Percepitque
432 1625 580 1682 nouum
596 1598 726 1681 rumis
744 1615 784 1680 et
791 1596 950 1708 fronde
968 1598 1160 1711 rigorem.
1285 1588 1372 1703 745

142 1705 207 1788 At
219 1709 368 1824 pelagi
381 1710 602 1822 Nymphae
610 1710 780 1819 factum
796 1711 986 1792 mirabile
1006 1725 1168 1790 tentant

142 1817 341 1905 Pluribus
356 1824 404 1905 in
421 1823 576 1952 virgis,
594 1839 633 1904 et
651 1818 763 1904 idem
781 1822 1023 1935 contingere
1038 1818 1232 1933 gaudent
1251 1861 1265 1904 .-

142 1929 389 2046 Seminaque
407 1964 465 2017 es:
483 1933 570 2017 illis
587 1936 740 2015 iterant
749 1934 919 2047 jactato
932 1963 1011 2041 per
1026 1931 1175 2014 undas.

143 2039 273 2127 Nunc
290 2076 451 2158 quoque
469 2047 642 2129 curaliis
660 2045 805 2128 eudem
823 2063 974 2129 nutura
992 2046 1206 2139 remansit,

143 2152 355 2240 Duritiem
372 2175 486 2242 tacto
504 2160 677 2269 cupiant
696 2175 742 2239 ut
758 2160 812 2239 oh
829 2172 953 2256 cerm
973 2154 1166 2268 quodque
1282 2152 1365 2266 750

148 2264 301 2352 Vimen
320 2272 365 2352 in
382 2298 557 2384 aequore
575 2269 783 2377 erat,fiat
801 2298 926 2379 super
939 2298 1122 2381 aequora
1140 2296 1313 2351 saxum.

206 2379 292 2464 Dis
310 2385 440 2467 tribus
458 2381 529 2465 ille
536 2382 665 2493 focos
683 2380 853 2466 totidem
869 2380 923 2463 de
940 2382 1093 2490 cespite
1105 2381 1249 2490 ponit;

203 3574 269 3643 74²·
288 3568 491 3646 Phorcynidos.
514 3569 617 3626 Phorci
634 3578 664 3626 et
686 3573 772 3626 Cetus
791 3568 893 3641 fitium.

207 3667 272 3736 745.
291 3661 403 3719 Novum
424 3661 554 3738 rigorem.
572 3667 687 3721 Beccue
706 3664 809 3719 coralii
830 3663 882 3719 suh
907 3663 992 3739 aquis
1022 3658 1167 3715 candidae
1197 3668 1228 3715 et
1258 3662 1381 3727 molles,

149 3764 301 3830 exemptae
319 3753 468 3829 confestim
487 3755 633 3813 durantur
650 3766 680 3813 et
699 3756 860 3813 rubescunt.
881 3755 956 3810 Ptin.
975 3752 1022 3809 tit.
1052 3757 1097 3806 32.
1118 3771 1182 3828 cap.
1204 3774 1229 3808 α.

203 3849 256 3916 749
284 3844 409 3901 Curuliis.
429 3847 487 3901 Pro
507 3845 617 3903 curaliis
637 3847 728 3904 scribe
747 3845 860 3902 curaliis
879 3864 943 3901 cum
963 3843 1131 3898 Florentino
1152 3848 1182 3899 S.
1212 3845 1330 3907 Marci,
1351 3852 1379 3899 et

145 3931 364 4008 Neapolitano,
383 3935 431 3991 uel
443 3933 553 3992 corallis
565 3956 628 3992 cum
645 3937 794 4002 Urbinati,
815 3936 869 3990 hoe
888 3942 946 4001 est,
966 3920 1134 4015 Kepuhiesc
1155 3933 1198 3990 vel
1217 3921 1380 4016 χηρᾶλλοις

200 4025 267 4080 Ρη.
289 4024 381 4080 XVII.
402 4025 470 4101 Arg.
503 4024 555 4081 ats-
575 4028 663 4084 tribus
682 4029 732 4084 ille
742 4027 841 4102 socos.
861 4025 980 4080 Perseus
1000 4021 1038 4078 ob
1058 4031 1217 4077 monstrum
1240 4019 1310 4075 illud
1326 4040 1379 4075 ma·

147 4113 240 4170 riuum
261 4113 434 4173 debellatum
455 4116 514 4173 Diis
534 4121 636 4194 gratias
655 4140 759 4198 agere,
778 4140 812 4177 sc
832 4115 989 4175 sacrificare
1021 4115 1165 4178 decrevit,
1197 4131 1230 4168 ac
1257 4113 1379 4188 primum

146 4217 203 4262 tres
223 4226 285 4263 cres
305 4207 397 4265 tribus
415 4209 496 4277 Diis,
516 4212 680 4279 Minervae,
701 4208 841 4268 Mercurio
861 4230 894 4266 uc
915 4208 975 4265 lovi
996 4227 1030 4262 ex
1052 4203 1205 4284 cespitibus
1226 4204 1256 4260 iu
1284 4203 1382 4260 littore

145 4302 277 4370 extruxit,
300 4298 402 4357 deinde
423 4320 535 4358 vaccam
549 4305 701 4371 Minervae,
715 4303 832 4360 situlum
846 4301 993 4368 Mercurio,
1006 4309 1117 4356 taurum
1131 4295 1193 4356 tovi
1205 4294 1378 4358 immolavit.
