3030 5168
247 259 330 348 306
579 291 616 348 e.
640 291 770 350 ovum
789 290 956 354 ussurus

163 414 383 500 AEtirereas
400 437 550 493 ausum
566 438 732 520 sperare
750 413 948 524 Typhoea
967 414 1099 502 sedes.

163 527 328 610 Nititur
341 526 413 607 itte
431 521 596 636 quidem
613 543 880 637 ‚pugnatque
897 556 1109 641 resurgere
1125 559 1265 641 saepe:

163 639 335 722 Dextro
351 636 430 722 sed
445 637 637 720 Ausonio
656 666 805 720 munus
823 656 884 720 est
900 640 1086 753 subjecta
1104 642 1266 729 Peloro:
1281 642 1360 732 350

164 753 330 847 Laeua,
348 750 564 861 Paeiryne‚
581 751 659 831 tibi
666 790 677 845 ‚·
695 750 900 860 Lilybaeo
918 781 1042 835 crura
1055 775 1312 864 premuntur.-

164 865 381 977 Degrooat
399 863 532 945 AEtna
551 879 692 973 caput,
711 866 787 944 sub
805 893 888 977 qua
905 869 1124 975 resupinus
1142 899 1295 953 arenas

152 976 355 1090 ¹Ejectat,
359 974 665 1092 flammamque
672 976 770 1085 fero
788 979 921 1058 uomit
938 1006 1007 1060 ore
1027 979 1261 1091 Typhoeus.

163 1091 294 1198 Saepe
311 1089 495 1171 remoliri
508 1090 695 1170 luctatur
703 1086 893 1197 pondera
910 1107 1062 1190 terrue;
1286 1093 1362 1206 354

166 1200 437 1314 Oppidaque‚
456 1218 496 1282 et
512 1228 691 1314 magnos
706 1201 885 1284 euoluere
902 1230 1071 1312 corpore
1088 1222 1260 1294 montes.

164 1311 271 1397 Inde
289 1313 424 1395 tremit
441 1312 585 1406 tellus,
602 1328 643 1394 et
659 1341 739 1395 rea
752 1330 876 1422 pauet
891 1316 979 1424 ipse
997 1315 1212 1414 silentum,

108 1500 113 1517 ,
163 1425 230 1509 Ne
244 1441 413 1535 puteat,
431 1425 598 1538 latoque
616 1423 750 1506 solum
766 1441 979 1539 retegatur
992 1428 1128 1526 hiatu,-

160 1539 455 1650 Immissusque
472 1535 564 1620 dies
581 1535 835 1647 trepidantes
852 1553 1004 1622 teneat
1020 1541 1199 1627 umbras.

199 3409 263 3478 349.
281 3405 390 3462 Nititur
409 3404 455 3461 itte
475 3405 599 3481 quidem.
623 3407 685 3463 Hoc
703 3406 810 3463 idcirco
828 3406 966 3482 fingitur,
984 3406 1053 3483 orsio
1066 3403 1167 3460 Sicilia
1181 3405 1357 3460 terraemotu

140 3513 345 3573 saepenumero
365 3501 504 3572 quatitur.

198 3594 261 3647 350.
282 3591 409 3648 Ausonio
431 3591 539 3648 Peloro.
560 3593 657 3660 italo,
677 3596 781 3670 quippe
799 3596 849 3670 qui
867 3602 895 3649 et
914 3592 956 3647 ad
973 3592 1093 3647 ltaliam
1112 3598 1239 3665 uergat,
1270 3595 1298 3642 et
1326 3579 1356 3636 ab

141 3702 178 3738 ea
197 3686 274 3739 mille
293 3696 321 3740 et
341 3689 501 3761 quingentis
520 3687 652 3761 passibus
671 3687 769 3742 distet.

198 3776 261 3830 351.
284 3774 417 3851 l'achyne
438 3777 497 3832 tibi.
517 3780 691 3857 apostrophe
710 3777 752 3832 ad
770 3785 891 3831 montem
903 3797 912 3840 ,·
931 3794 989 3851 qua
1010 3774 1134 3829 maxime
1154 3773 1251 3828 oratio
1280 3781 1355 3823 exos·

141 3871 238 3919 natur.
258 3865 395 3942 Lilybaeo
420 3887 500 3928 crure
534 3881 710 3947 premuntur.
732 3869 886 3944 Liirbaeus
906 3884 1017 3942 quoque
1035 3864 1155 3919 Siciliae
1173 3871 1218 3919 est
1237 3872 1355 3936 pronos·

68 3980 70 3986 r
144 3956 247 4010 tarium
267 3955 400 4032 Africam
418 3961 581 4034 respiciens.

201 4052 265 4106 353.
285 4051 505 4128 Fisrnmsmque.
527 4056 669 4126 Quotquot
688 4051 790 4125 uirique
809 4059 938 4116 montes,
958 4057 1011 4103 aut
1029 4047 1086 4102 ioci
1105 4048 1212 4102 marini
1230 4044 1352 4101 eruum

143 4138 294 4195 incendia:
315 4151 368 4196 aut
387 4145 549 4219 repentibus
560 4142 705 4214 statibus,
725 4144 774 4217 qui
794 4150 932 4196 vocantur
953 4139 1125 4215 septenes,
1144 4149 1174 4194 et
1194 4146 1289 4193 terrae
1305 4146 1355 4188 Μ·

144 4233 218 4288 tibus
236 4237 459 4299 concutiuntur,
481 4232 619 4308 Typisos'io
637 4232 745 4306 injecta
772 4231 928 4307 finguntur.
949 4231 1061 4285 AEneid.
1094 4248 1120 4286 u.
1154 4225 1306 4288 claudiam
1324 4218 1356 4281 it

143 4333 231 4401 raptu
252 4326 451 4400 Proserpinae.
477 4322 692 4380 1.n0ster.ttu.
715 4326 757 4394 ¹4·
778 4341 801 4375 o.
825 4343 849 4376 r.

201 4419 266 4487 356,
284 4419 344 4481 Res
363 4429 457 4496 putet·
484 4413 655 4474 Umbrarum
673 4429 748 4481 res,
767 4411 843 4480 Dis,
861 4408 972 4476 Pluto,
991 4410 1090 4464 Orsua
