3030 5168
410 260 782 324 nerinonrnosnon
800 263 873 321 nn.
892 261 946 319 vr.
1123 231 1201 344 461

654 407 727 493 ¹79

124 492 212 578 Con
231 492 405 606 procelle
425 493 698 594 acerbissime,
718 523 741 577 e
760 490 959 606 frequenti

65 604 215 689 Manda
229 606 319 688 neil'
333 608 414 688 aria
434 636 491 687 un
511 630 592 690 tem
624 631 756 692 estoso
778 604 919 714 grido,

67 719 103 800 E
122 749 219 830 par,
239 721 315 802 che
335 719 426 802 dica
444 719 522 829 agli
544 639 676 803 sfiiati
696 719 833 807 venti:

65 830 159 914 Non
179 831 270 917 date
290 835 382 944 noja
401 830 440 914 al
461 833 545 915 mio
566 831 742 944 superbo
761 830 860 935 lid0‚

65 945 227 1030 Aicuno
247 948 289 1028 in
310 943 445 1029 danno
463 947 549 1028 mio
568 945 699 1032 soffiar
717 975 799 1028 non
820 947 936 1046 tenti,

65 1057 101 1141 S’
114 1086 205 1140 ama
226 1059 359 1143 sicuro
378 1083 457 1144 star
476 1058 540 1141 nel
555 1059 718 1171 proprio
738 1057 859 1149 nido:

65 1169 102 1254 E
123 1173 163 1254 in
184 1194 326 1286 questa
347 1172 458 1283 guisa
472 1171 552 1280 egli
571 1172 603 1261 si
625 1194 796 1275 mostra,
815 1172 838 1255 e
858 1169 1007 1267 sforza,

68 1282 143 1367 Per
157 1285 351 1368 assicnrar
371 1314 412 1369 se
432 1283 649 1370 dall’aitrui
669 1282 789 1369 sorza.

645 1395 720 1482 180

121 1510 384 1613 Settentrion‚
405 1516 479 1596 che
492 1514 514 1594 ’l
536 1510 650 1623 grido
670 1509 807 1594 orribil
828 1533 963 1612 sente,

63 1623 100 1707 E
120 1625 142 1706 ’l
164 1648 406 1739 tempestat,
426 1628 487 1711 oh'
501 1623 681 1725 assorda,
701 1653 879 1708 eoscura
900 1625 927 1706 il
948 1624 1089 1735 giorno

66 1736 138 1821 Ch'
149 1739 249 1822 irato
270 1736 429 1822 offendo
451 1741 476 1821 it
498 1769 572 1824 suo
591 1766 711 1849 regno
732 1758 914 1870 possente
1065 1758 1068 1766 ’

63 1850 140 1935 Per
160 1849 279 1936 dritta
298 1853 403 1935 linea
418 1853 458 1935 in
478 1883 553 1937 suo
573 1849 840 1963 dispreg10,c
860 1875 1027 1961 scotno3

64 1962 154 2047 Con
173 1967 267 2075 ogni
287 1996 362 2049 suo
381 1989 497 2078 poter
515 1996 557 2051 se
576 1994 626 2047 ne
646 1965 810 2065 risente‚

63 2075 224 2164 Esoffia
244 2079 286 2160 in
305 2077 468 2163 disonor
487 2077 550 2162 del
572 2077 713 2161 Mezze
734 2078 892 2186 giorno:

69 2189 106 2271 E
126 2192 138 2274 i
163 2193 317 2294 nentri,
338 2192 413 2276 che
434 2192 573 2279 volenn
593 2190 706 2276 starsi
725 2190 766 2277 in
785 2189 956 2302 disparte

65 2300 147 2387 Son
164 2304 288 2417 primi
307 2333 330 2387 a
350 2304 420 2389 dar
438 2306 638 2420 principio
655 2305 696 2502 gl
715 2304 813 2390 fiero
833 2302 970 2388 Marte.

147 2473 150 2477 ι
633 2449 646 2501 ι
689 2449 701 2500 1

120 2529 301 2615 Favonio
321 2530 580 2617 deil’Occaso
599 2529 876 2644 imperndore‚

64 2641 152 2726 Che
171 2640 271 2727 vede
290 2647 304 2726 i
324 2643 429 2745 due,
450 2647 511 2730 ch'
524 2648 602 2728 han
623 2645 686 2755 gin
704 2643 959 2756 ingombrato
974 2643 1001 2726 it
1021 2643 1145 2745 ciclo,

61 2755 273 2844 Pensando
292 2760 332 2841 in
352 2760 432 2843 aria
452 2758 556 2842 alzar
576 2761 617 2843 in
637 2757 697 2842 lor
711 2754 870 2843 disoore
921 2779 924 2787 '

64 2868 204 2971 Colei‚
225 2871 335 2954 ch’in
355 2871 468 2956 Tebe
487 2872 660 2957 asconde
681 2902 737 2955 un
751 2899 882 2956 sassco
903 2871 1014 2972 velo,

65 2983 216 3068 Mostra
237 2986 301 3067 coi
321 2985 503 3098 collegati
523 2985 550 3067 il
566 3015 640 3069 suo
662 2983 795 3067 furore

66 3093 214 3179 Contra
247 3098 366 3192 alei,
386 3101 460 3183 che
481 3102 643 3211 sprezzo
664 3096 718 3207 gli
743 3099 815 3179 Dei
841 3095 883 3178 di
905 3097 1031 3199 Delo,

63 3205 100 3291 E
120 3209 210 3291 neil’
223 3213 406 3295 incontro
426 3241 483 3295 un
503 3212 679 3312 vortice,
697 3209 941 3295 unfracasso
1049 3247 1051 3251 ·

65 3320 169 3425 Fan,
189 3323 264 3407 che
283 3353 353 3437 per
373 3322 480 3409 sorza
501 3324 541 3407 in
562 3324 641 3405 aria
660 3321 799 3408 alzano
814 3322 841 3404 it
857 3351 979 3408 sasso.

649 3430 723 3520 182

120 3543 167 3629 L’
179 3547 400 3663 Imperator
419 3551 616 3638 contrario
635 3547 883 3649 Subsolano,

65 3657 137 3745 Ch’
151 3686 333 3776 appunto
352 3691 448 3747 aveo
467 3662 634 3776 disposti
653 3663 668 3745 i
687 3662 776 3748 suoi
797 3661 996 3762 consorti,

66 3774 295 3860 Acciocche
314 3775 337 3858 'l
358 3774 470 3862 soffio
489 3773 605 3859 lbere
625 3804 702 3859 con
716 3771 920 3859 Germano

65 3881 110 3968 ln
128 3886 224 3973 Asia
239 3889 267 3971 il
295 3917 453 3973 marmo
472 3889 618 3974 cretico
639 3917 721 3972 non
739 3887 866 4001 porti,

66 3997 102 4082 E
121 4031 244 4113 vegga
264 4004 293 4084 tl
312 4000 466 4087 mondo
485 4000 734 4086 manifestoe
752 4000 901 4112 piano,

66 4108 151 4197 Che
169 4117 184 4198 i
203 4116 311 4199 venti
331 4112 526 4198 Orientali
545 4143 617 4198 son
637 4114 710 4226 pin
724 4111 844 4214 forti,

66 4223 194 4312 Soffiass
205 4249 348 4312 contro
366 4226 588 4314 Occidente
606 4255 678 4340 per
695 4226 848 4325 vietnre¹

65 4336 156 4423 Atta
175 4342 304 4428 ctatna
323 4337 486 4445 insedei,
504 4340 580 4425 che
597 4339 705 4454 possi
718 4337 741 4420 'l
762 4367 886 4449 oraret

731 4628 882 4737 ts}
