3030 5168
336 273 420 371 404
661 291 696 349 e.
716 291 843 350 ovum
880 290 1046 351 sesosts

249 407 388 490 Sensit
403 417 579 520 equum*
585 450 599 508 ;
617 427 656 491 te
675 410 803 491 sensit
821 440 936 495 auem
954 413 1107 492 crinita
1127 411 1317 495 colubris

251 518 399 602 Mater
413 526 511 634 equi
524 524 734 609 volucris:
747 525 877 605 sensit
894 523 1109 633 Delphina
1127 525 1362 608 Melantho
1402 552 1465 608 120

254 632 455 717 Omnibus
473 637 539 718 his
546 637 789 748 faciemque
806 666 925 719 suam
934 636 1178 749 faciemque
1199 640 1393 720 locorum

252 744 465 832 Reddidit.
485 747 570 831 Est
587 750 679 831 illic
692 750 871 863 agrestis
890 752 1073 862 imagine
1092 752 1306 836 Phoebus.

257 856 393 969 thue
410 860 532 945 modii
550 862 766 972 accipitris
778 891 962 972 pennas,
979 862 1101 947 modo
1115 883 1239 981 terga
1261 865 1398 948 leonis

256 966 440 1056 Gesserit
453 1016 465 1061 .·
478 991 522 1055 ut
529 992 678 1085 pastor
688 974 944 1058 Macareida
964 976 1107 1059 luserit
1120 980 1257 1061 Issen.

251 1080 380 1168 Liber
393 1104 438 1169 ut
450 1086 672 1202 Erigonen
675 1087 800 1196 folsu'
816 1086 1024 1203 deceperit
1041 1097 1121 1175 uea'
1130 1119 1138 1164 2
1404 1087 1469 1177 125
1488 1171 1497 1179 ,A

303 3337 353 3386 ¹¹9
373 3311 480 3369 Crinito
500 3311 600 3366 Mater.
621 3306 747 3365 Medusa
772 3310 879 3387 Pegasi
905 3320 1019 3377 mater,
1043 3313 1063 3367 t.
1087 3317 1113 3383 4.
1138 3331 1163 3368 ν.
1201 3321 1270 3386 786,

300 3428 359 3462 120.
383 3407 475 3462 Sensit
499 3401 639 3480 Delphina
659 3401 812 3459 Melantho.
837 3403 990 3458 Melantho
1007 3405 1177 3459 Deucalioni
1191 3408 1267 3479 filia
1285 3407 1371 3482 fuit,
1388 3425 1461 3484 quan

241 3499 391 3572 Neptunus
412 3503 441 3553 in
466 3497 637 3572 Delphinum
661 3513 811 3552 conversus
837 3497 990 3572 cognovit,
1015 3517 1051 3551 ae
1065 3496 1163 3570 filiurn
1188 3502 1309 3555 nomiae
1336 3499 1462 3575 Delphau

240 3594 372 3664 suscepit.

301 3701 360 3735 122.
385 3682 520 3756 Agrestis.
543 3686 617 3738 Cum
639 3681 751 3737 Admeti
772 3685 852 3756 pavit
875 3690 1014 3735 armenta.
1040 3682 1059 3735 t.
1084 3699 1109 3734 2.
1131 3698 1159 3734 o.
1183 3684 1250 3735 681.

302 3781 363 3843 sal..
395 3774 557 3832 Macareida
583 3779 671 3833 Issen.
704 3779 839 3832 Macarei
854 3777 973 3849 filiam,
1008 3793 1094 3850 quam
1124 3772 1225 3843 Apollo
1261 3776 1294 3828 in
1332 3771 1464 3850 pastorali

241 3866 339 3921 hahita
362 3869 495 3932 vitiavit,
519 3877 550 3922 ut
574 3868 628 3924 hoc
657 3869 721 3924 loco
752 3870 841 3943 pae'ta
873 3874 987 3921 reuirat.
1012 3865 1133 3919 Videtur
1167 3871 1268 3916 autem
1305 3868 1372 3921 Issa
1404 3863 1464 3917 haec

231 3956 330 4029 fuisse
352 3959 452 4013 Lesbia
466 4000 475 4025 ,
500 3961 635 4015 Macarei
650 3962 722 4038 filia
736 4002 745 4026 ‚
769 3960 831 4033 ejus
855 3961 903 4034 qui
924 3959 1004 4012 lovis
1029 3965 1056 4010 et
1080 3958 1203 4031 Cyrenes
1216 3953 1288 4026 suit
1311 3957 1412 4031 filius,
1434 3957 1466 4008 in·

242 4048 391 4124 solamque
418 4052 535 4106 Lesbum
561 4054 673 4118 tenuit,
697 4053 779 4127 cujus
800 4050 902 4125 filine,
929 4058 957 4104 et
982 4047 1123 4122 Mytilene
1147 4055 1174 4099 et
1189 4047 1367 4120 Methymna
1377 4045 1467 4121 suere.

303 4144 362 4193 125.
397 4138 482 4195 Liber
506 4153 538 4196 ut
568 4141 727 4216 Erigonem.
750 4141 874 4199 Videtur
897 4139 934 4194 de
957 4159 993 4194 ea
1023 4141 1149 4211 Erigone
1179 4135 1227 4189 hic
1253 4137 1464 4211 intelligendum

242 4253 302 4288 esse
323 4252 397 4308 auae
422 4237 499 4288 Icari
514 4234 585 4310 filia
600 4233 689 4309 suit,
714 4246 742 4290 et
767 4244 868 4309 postea
893 4235 967 4287 inter
990 4231 1095 4306 sydera
1119 4229 1225 4295 relata,
1255 4240 1287 4283 ut
1303 4233 1342 4286 ab
1362 4233 1468 4305 Iligrno

241 4325 355 4377 dieitur.
382 4322 458 4378 Nam
482 4334 509 4379 et
535 4324 619 4399 hujus
645 4329 724 4398 patri
747 4329 843 4381 Icario
867 4327 931 4379 vitis
953 4322 1192 4399 propagationem
1218 4320 1354 4377 Bocchus
1377 4322 1467 4385 dedit,

241 4419 329 4492 ipsius
351 4416 467 4492 paellae
492 4427 609 4474 mortem
635 4428 735 4474 contra
759 4420 879 4474 rusticos
903 4419 1014 4473 Atticos
1038 4411 1200 4488 pestilentia
1228 4412 1309 4470 ultus
1341 4424 1396 4471 est.
1455 4404 1458 4409 ¹
