3030 5168
228 185 310 277 208
568 203 938 269 novmunssoms

143 336 346 424 Gentibus
363 331 592 417 innumeris
608 328 796 441 citroque
813 324 1008 436 infraque
1025 322 1202 414 relictis,

141 452 385 562 AEtlriopum
397 443 575 557 populos
595 437 775 552 Ceplseta
792 437 1000 548 conspicit
1016 466 1141 521 aruo.

141 565 241 656 Illic
259 561 503 646 immem'tom
521 571 731 637 maternae
745 549 926 665 pendere
943 551 1117 665 linguae

142 672 463 773 Andromedam
472 695 633 783 poenas
650 667 831 781 injustus
840 665 1027 779 jusserat
1047 666 1242 747 Ammon.
1276 654 1351 769 670

146 795 286 995 guam
303 785 431 871 simul
445 780 505 867 ad
522 779 653 865 duras
670 780 892 893 religatum
910 779 1083 861 brachia
1101 791 1246 861 euntes
1308 832 1311 837 -

187 902 268 988 edit
285 895 552 985 Abantiades
557 937 569 994 ,·
587 893 674 977 nisi
689 889 805 1007 quod
820 892 922 973 levis
939 921 1045 972 aura
1058 888 1236 1002 capillos

144 1017 367 1108 Moverat,
385 1029 424 1094 et
443 1007 604 1122 trepido
621 1009 848 1089 manabant
867 1003 1165 1121 luminafletu3

144 1130 429 1218 Marmoreum
445 1141 563 1219 ratus
580 1137 687 1207 esset
704 1148 820 1232 opus.
842 1117 989 1205 drahel
1007 1118 1168 1203 inscius
1186 1117 1324 1228 ignes:

204 3037 270 3093 660.
289 3030 423 3113 Gepheis
438 3050 515 3092 sess.
535 3031 639 3109 cephei
658 3050 771 3110 regna,
791 3031 920 3111 Cepheus
939 3037 1014 3093 enim
1035 3031 1182 3089 Phoenicis
1192 3028 1260 3105 fuit
1269 3027 1367 3104 filius,

146 3143 255 3203 resque
274 3127 449 3202 Btlsiopum,
468 3137 497 3184 et
518 3131 669 3202 Cassiopea
687 3130 822 3199 maritus,
842 3149 879 3186 ac
898 3128 1099 3186 Andromedae
1118 3134 1226 3199 pater,
1249 3124 1297 3200 qui
1318 3122 1368 3177 An·

145 3215 313 3273 deomedum
320 3216 415 3293 filiam
427 3229 545 3295 propter·
557 3224 657 3276 uxoris
674 3222 836 3296 superbiam
857 3230 983 3276 monstro
1002 3222 1118 3276 marino
1138 3215 1261 3291 objicere
1274 3210 1373 3284 suerat

144 3319 271 3366 coaetus.
284 3312 354 3366 Cum
365 3313 439 3366 enim
454 3314 591 3388 cassiope
603 3322 696 3368 mater
713 3333 745 3370 se
763 3310 936 3371 Nereidibus
948 3313 1138 3387 pulchriorem
1158 3326 1221 3365 esse
1236 3307 1373 3383 jactaret,

146 3400 278 3476 precibus
288 3402 417 3477 ipsarum
429 3411 523 3459 motus
535 3403 684 3479 Neptunus
697 3403 820 3460 belluam
833 3406 974 3458 marinam
987 3405 1103 3458 immisit
1113 3421 1189 3476 quae
1196 3399 1374 3472 Aethiopiam

147 3497 284 3547 vastaret.
297 3493 395 3567 Quare
413 3493 559 3551 consultus
578 3496 693 3570 Jupiter
711 3497 869 3561 Hammon,
888 3514 947 3571 qua
966 3496 1081 3549 ratione
1099 3490 1237 3548 Nereides
1264 3484 1375 3565 macari

147 3589 273 3654 possent,
287 3580 434 3657 respondit
454 3583 558 3660 Ceplret'
571 3587 774 3662 cassiopesque
785 3586 948 3659 progeniem
964 3591 1091 3639 monstro
1104 3599 1166 3637 esse
1178 3577 1376 3655 objiciendam.

150 3667 364 3727 Andromedam
376 3674 468 3748 igitur
477 3691 542 3730 cum
553 3675 595 3729 ad
600 3674 748 3751 scopulum
760 3675 914 3751 religatam
922 3676 1045 3730 Perseus
1059 3671 1184 3736 uidisset,
1197 3691 1233 3726 ea
1246 3667 1377 3725 conditio·

148 3776 185 3815 ne
195 3779 226 3817 se
237 3762 319 3820 illam
328 3763 517 3821 liberaturum
529 3776 633 3841 paetus
644 3777 697 3834 est,
711 3777 743 3823 ut
754 3769 807 3824 sibi
821 3785 896 3823 uxor
914 3769 1138 3841 promitteretur.
1150 3768 1302 3819 Caeterum
1317 3758 1378 3814 Plri-

152 3869 223 3909 neus
242 3855 347 3931 Ceplsei
357 3854 485 3935 frater,
503 3861 561 3926 eui,
580 3868 737 3936 antequam
757 3868 881 3916 monstro
895 3868 1098 3935 exponeretur,
1118 3855 1304 3913 Andromeda
1316 3850 1380 3924 sue·

152 3952 202 3998 rat
220 3943 422 4019 desponsata,
441 3965 505 4002 cum
525 3949 555 4005 ui
573 3967 638 4004 eam
658 3951 765 4008 Perseo
784 3951 894 4025 eripere
906 3959 1085 4014 conaretur,
1104 3947 1202 4003 multis
1215 3941 1380 4017 interfectis,

152 4033 279 4109 reliquos
309 4037 339 4090 in
368 4053 400 4093 se
428 4047 543 4094 ruentes
577 4041 700 4097 Perseus
728 4043 789 4116 ipse
808 4038 952 4096 Medusae
970 4041 1066 4115 eapite
1091 4036 1203 4093 detecto
1223 4038 1254 4090 in
1272 4029 1381 4109 lapides

156 4129 351 4183 eommutavit.

213 4219 277 4286 669.
298 4218 443 4275 Maternae
463 4218 587 4298 linguae.
608 4221 684 4279 Nam
699 4225 837 4298 cassiope
856 4221 893 4279 de
905 4218 1119 4300 pulchritudine
1137 4236 1200 4275 eum
1219 4210 1385 4274 Nereidibus

158 4306 330 4367 contendere
344 4308 450 4385 fuerat
471 4333 555 4377 ausa.
1247 4318 1251 4324 '
