3030 5168
351 211 427 311 140
613 274 619 283 .
689 228 727 291 r.
742 228 872 293 ovum
888 228 1052 291 ussoms

257 346 466 433 Salmacis
484 349 716 432 extimuit?
733 349 909 461 locaque
934 348 1039 431 haec
1063 347 1142 429 tibi
1157 346 1286 429 libera
1305 344 1453 441 trado,

259 461 442 571 Hospes,
455 462 537 551 ait:
552 461 803 573 simulatque
817 459 959 573 gradu
971 458 1187 543 discedere
1199 486 1325 545 verso.

258 571 365 655 Tum
380 604 542 689 quaque
555 574 798 685 respiciens,
805 574 1092 685 fnrticumrpue
1103 569 1320 656 recondita
1331 569 1444 653 silvei

258 682 441 769 Delituit
449 731 462 775 .·
462 686 716 817 flexumque
731 714 844 798 genu
861 686 1050 769 submisit
1056 725 1070 784 ;
1088 702 1133 767 at
1151 684 1223 768 ille
1389 681 1467 791 340

262 798 320 881 Ut
331 827 453 908 puer,
470 816 509 882 et
525 827 669 885 uacuis
684 814 730 880 ut
747 799 1031 882 inobservatus
1050 799 1096 880 in
1113 800 1273 890 herbis,

259 909 359 995 Huc
376 912 423 1005 ie,
440 928 481 993 et
497 912 598 1008 ltine
614 910 739 999 illuc.-
756 913 861 993 etin
876 910 1159 993 alludentibus
1177 909 1305 993 undis

258 1022 426 1106 Summa
438 1020 616 1135 pedum,
637 1025 804 1134 taloque
819 1039 939 1105 tenus
957 1024 1135 1135 vestigia
1160 1025 1301 1135 tingit.

258 1134 352 1218 Nec
369 1165 505 1234 mora,·
522 1137 711 1247 temperie
727 1134 975 1219 blandarum
992 1152 1142 1245 captus
1158 1160 1383 1247 aquarum,

260 1246 646 1331 Molliacletenem
660 1248 865 1331 velamina
882 1274 1052 1356 corpore
1065 1247 1199 1355 ponit,
1389 1242 1468 1352 345

263 1359 370 1441 Tum
387 1388 489 1443 uero
508 1361 735 1471 obstupuit,
753 1359 971 1470 malaeque
988 1355 1186 1469 cupidine
1193 1358 1363 1467 formae

261 1470 469 1554 Salmacis
485 1474 651 1554 exarsit
657 1514 671 1558 .·
670 1472 873 1585 flagrant
889 1498 1050 1583 quoque
1066 1470 1227 1551 lumina
1239 1468 1467 1580 Nymploes:

263 1581 361 1666 Non
379 1585 525 1677 aliter,
547 1612 673 1695 quam
689 1612 785 1666 cum
800 1610 910 1693 pum
932 1580 1212 1666 nitidissimus
1230 1584 1326 1665 orbe

266 1693 469 1805 Oppositn‘
486 1696 647 1805 speculi
660 1696 854 1805 referitur
866 1696 1051 1809 imagine
1068 1696 1270 1779 Phoebus.
1390 1691 1468 1805 349

269 1806 439 1920 Vixque
455 1836 612 1890 moram
624 1808 800 1918 patitur:
818 1809 893 1892 viu·
904 1807 1001 1921 jam
1018 1836 1097 1891 sua
1112 1806 1277 1920 gaudia
1294 1802 1453 1919 differt·

265 1919 363 2005 Jam
392 1922 508 2032 cupit
525 1920 723 2033 amplecti
730 1920 839 2035 :jam
849 1948 895 2007 se
913 1920 1022 2034 male
1038 1920 1223 2004 continet
1234 1946 1392 2004 amens.
